3500 5525
849 582 868 645 7

349 823 423 888 Jam
442 822 561 909 siquis
579 843 679 909 quam
697 820 813 885 harum
832 820 1048 909 epistolarum
1066 820 1297 909 proposuimus
1317 820 1440 887 doctri-

272 948 348 991 nam
366 927 554 993 accuratius
572 924 832 1012 contemplatur,
860 946 926 989 non
952 924 1089 1013 negabit
1108 948 1181 990 eam
1200 925 1262 990 etsi
1281 924 1440 1011 antiquis-

273 1031 356 1095 simo
381 1040 532 1118 tempore
556 1030 603 1095 itu
632 1029 850 1115 compositam
874 1038 985 1093 tamen
1010 1030 1051 1093 ab
1078 1027 1303 1116 apostolorum
1329 1036 1440 1093 aetate

273 1156 346 1199 esse
365 1133 516 1221 alienum.
563 1132 651 1197 Nam
669 1132 791 1198 adsunt
803 1128 873 1220 jam
901 1132 1042 1219 vestigia
1067 1130 1138 1219 ejus
1163 1132 1311 1214 rationis,
1341 1154 1439 1218 quam

273 1236 413 1302 ecclesia
432 1246 483 1302 est
507 1244 621 1301 secuta
645 1256 748 1323 quum
772 1234 921 1323 symbola
946 1234 1110 1318 definiret,
1136 1234 1317 1302 secundum
1341 1256 1440 1321 quam

273 1339 437 1406 formulae
467 1339 673 1427 baptismatis
705 1340 807 1404 verba
832 1337 996 1426 quaedam
1022 1335 1173 1404 solebant
1199 1338 1289 1421 addi,
1321 1338 1440 1425 quibus

272 1452 364 1509 recta
390 1442 541 1508 doctrina
573 1442 615 1508 ab
645 1442 821 1508 haereticis
853 1442 1061 1530 opinionibus
1086 1440 1293 1508 defendatur.
1339 1439 1441 1516 Quod

273 1546 501 1613 Tertullianus
520 1545 563 1611 de
580 1546 825 1612 catechumenis
849 1568 931 1611 suae
949 1546 1069 1611 aetatis
1088 1545 1180 1627 dicit,
1209 1568 1292 1632 quos
1310 1554 1441 1611 constat

272 1651 332 1733 „in
348 1652 513 1739 baptismo
532 1649 671 1737 amplius
690 1648 815 1737 aliquid
828 1648 1049 1737 respondisse,
1066 1670 1165 1736 quam
1184 1648 1274 1736 quod
1289 1648 1440 1714 dominus

272 1756 306 1819 in
325 1752 757 1843 evangeliopraecepisset“
768 1749 811 1843 ¹),
827 1751 898 1841 jam
911 1752 1035 1841 Ignatii
1053 1763 1204 1841 tempore
1218 1752 1364 1840 riguisse
1382 1751 1440 1817 de—

271 1859 340 1923 bet.
386 1857 536 1921 Primum
559 1857 646 1921 enim
670 1858 816 1945 castigat
840 1854 1001 1937 Docetas,
1028 1875 1107 1919 vere
1131 1854 1242 1919 dicens
1268 1855 1438 1919 (lhristum

272 1969 398 2044 natum,
418 1982 562 2048 passum,
587 1960 781 2025 crucifixum
798 1982 885 2040 esse,
905 1978 985 2023 rere
1003 1958 1112 2023 edisse
1131 1981 1170 2023 ao
1187 1958 1322 2040 bibisse,
1348 1956 1438 2045 quod

272 2064 329 2151 qui
347 2074 449 2152 neget
466 2074 574 2129 morte
592 2074 728 2129 aeterna
746 2062 885 2150 dignum
904 2084 987 2127 esse.
1015 2058 1147 2126 Horum
1166 2060 1310 2126 haeresis
1329 2060 1362 2124 in
1381 2082 1438 2125 an-

271 2168 364 2255 tiqua
382 2166 523 2233 ecclesia
540 2190 607 2231 non
624 2165 689 2230 fuit
704 2188 794 2246 rara,
820 2166 934 2251 itaque
958 2164 1080 2230 certius
1099 2186 1214 2229 eorum
1233 2174 1362 2253 tempus
1382 2163 1439 2229 de-

270 2270 357 2335 finiri
374 2271 501 2356 nequit,
529 2290 629 2355 quum
648 2268 835 2355 etreliqua,
850 2290 938 2355 quae
956 2266 998 2332 de
1016 2268 1055 2333 iis
1074 2264 1168 2333 addit
1186 2269 1254 2332 Sm.
1268 2270 1302 2350 6,
1322 2266 1438 2332 viduas

271 2372 345 2439 illos
364 2384 399 2438 et
417 2373 581 2460 orphanos
599 2394 664 2437 non
683 2394 814 2455 curare,
839 2392 948 2457 neque
974 2372 1105 2437 omnino
1124 2372 1272 2437 homines
1290 2370 1436 2436 infelices

265 2474 398 2564 juvare,
423 2474 637 2541 usitatissima
662 2475 905 2541 baereticorum
930 2475 963 2539 in
990 2484 1103 2540 vetere
1129 2474 1268 2541 ecclesia
1293 2475 1358 2539 sint
1377 2496 1436 2561 op-

269 2581 415 2668 probria,
442 2578 720 2667 quemadmodum
746 2578 949 2644 Pearsonius
974 2590 1008 2643 et
1025 2578 1211 2643 Buusenius
1229 2602 1261 2666 p.
1285 2578 1357 2642 159
1377 2576 1437 2642 do-

269 2678 395 2774 send).
424 2683 636 2748 Eucharistia
648 2692 683 2748 et
694 2684 848 2770 precibus
863 2682 1041 2765 abstinent,
1058 2681 1148 2770 quod
1161 2704 1225 2747 non
1239 2680 1436 2762 concedunt,

269 2809 398 2853 sacram
416 2809 552 2853 coenam
567 2810 688 2874 corpus
702 2797 737 2850 et
749 2787 944 2874 sanguinem
960 2785 1084 2851 Christi
1098 2809 1182 2852 esse.
1211 2785 1341 2852 'famen
1355 2785 1438 2850 haec

270 2892 379 2956 omnia
398 2891 441 2955 ad
458 2889 628 2978 gnosticos
646 2889 813 2976 pertinere
837 2888 1009 2975 probabile
1034 2899 1097 2971 est,
1122 2890 1317 2976 praesertim
1335 2909 1438 2974 quum

270 3004 305 3059 et
322 2994 417 3058 locus
434 2994 527 3080 Mgn.
548 2995 570 3058 8
595 2990 687 3073 λόγος
704 2987 808 3063 ἀΐδιος
825 2987 882 3054 οὐκ
901 2987 968 3055 cinci
996 2987 1083 3075 σιγῆς
1107 2989 1284 3078 προελθών
1309 2992 1360 3055 vix
1380 3013 1436 3056 ex-

270 3096 387 3183 plicari
405 3096 521 3182 possit,
540 3094 601 3158 nisi
620 3093 663 3158 ad
680 3093 866 3182 gnosticam
887 3092 1053 3180 quandam
1072 3091 1256 3159 doctrinam
1270 3092 1435 3174 redimus3

271 3221 347 3263 nam
365 3197 455 3285 quod
474 3197 602 3262 adtinet
625 3195 669 3263 ad
692 3197 878 3276 Pearsonii,
907 3196 1079 3280 Cotelerii,
1103 3195 1220 3262 Rothii
1238 3197 1436 3285 interpreta-

268 3303 405 3383 tionem,
424 3296 604 3366 seoundum
622 3323 721 3388 quam
746 3300 820 3384 σιγᾷ
844 3300 980 3388 proprio
998 3323 1097 3366 sensu
1115 3299 1234 3366 silentii
1252 3301 1299 3366 ita
1317 3302 1359 3366 sit
1378 3300 1436 3366 ad-

269 3405 385 3489 hibita,
404 3415 443 3470 ut
458 3399 710 3493 intelligendum
728 3404 783 3486 sit,
801 3425 867 3468 non
886 3426 905 3468 e
923 3403 1053 3470 silentio
1068 3406 1205 3470 rerbum
1224 3405 1435 3492 processisse,

268 3533 388 3598 nempe
413 3529 479 3573 non
505 3507 773 3574 silentiumante
795 3508 934 3601 verbum
958 3506 1059 3573 fuisse
1085 3508 1175 3595 quod
1200 3507 1436 3596 sempiternum

270 3622 369 3695 esset,
389 3635 454 3677 non
472 3611 644 3699 probanda
662 3609 806 3692 ridetur,
832 3632 934 3697 quum
954 3613 1054 3676 verba
1073 3611 1155 3676 haec
1172 3621 1243 3676 tum
1261 3611 1340 3674 nihil
1358 3635 1436 3676 con-

269 3717 415 3795 tineant,
446 3715 508 3779 nisi
532 3714 641 3779 lusum
666 3708 847 3802 inanemt).
894 3711 947 3778 Ad
971 3713 1220 3779 Valentinianos
1247 3735 1325 3778 vero
1353 3713 1436 3779 haec

270 3819 371 3883 rerba
389 3841 463 3882 eam
481 3818 523 3882 ob
542 3840 676 3883 causam
701 3839 767 3882 non
793 3814 979 3896 referimus,
1006 3817 1096 3904 quod
1121 3827 1234 3882 tantae
1259 3817 1435 3882 haereseos

269 3922 392 3988 mentio
412 3919 566 3987 disertius
584 3920 672 3986 facta
690 3943 763 3986 esse
782 3918 931 4004 deberet,
960 3929 994 3985 et
1014 3919 1102 4007 quod
1122 3945 1140 3986 a
1159 3921 1229 3985 reri
1248 3919 1358 4010 specie
1378 3921 1435 3985 ab·

269 4036 330 4107 est,
349 4025 545 4113 scriptorem
561 4023 731 4090 Judaistas
750 4025 999 4112 impugnantem
1026 4033 1095 4090 tam
1112 4023 1230 4090 leviter
1248 4024 1434 4112 oppositam

341 4292 368 4358 ¹)
387 4290 501 4344 Tertull.
522 4290 556 4342 de
575 4305 679 4344 corona
696 4289 772 4342 milit.
792 4306 851 4358 cap.
868 4291 915 4342 III.

339 4395 366 4462 ²)
383 4394 504 4461 Buoseu,
520 4394 574 4446 Die
592 4392 652 4445 drei
670 4392 768 4444 echten
785 4391 843 4444 und
860 4392 906 4444 die
923 4394 982 4445 vies
1008 4393 1145 4446 unechten
1168 4394 1260 4446 Briefe
1283 4393 1331 4445 des
1355 4391 1433 4462 lgna

267 4480 321 4530 tius
337 4495 393 4546 rou
411 4479 585 4534 Anuoctrien.
619 4479 762 4546 Hamburg
788 4478 864 4532 1847.
899 4507 935 4518 -
969 4481 1089 4547 Ignatius
1113 4496 1167 4533 von
1190 4479 1355 4532 Antiochien
1378 4479 1435 4530 und

269 4565 345 4614 seins
362 4565 428 4617 Zeit.
464 4566 566 4620 Sieben
584 4564 804 4618 Sendschrciben
822 4579 857 4616 au
874 4564 923 4616 Dr.
940 4563 1049 4633 August
1069 4565 1207 4619 Neander.
1241 4563 1434 4618 Hamb.1847.

342 4664 369 4731 ⁸)
388 4663 429 4718 Oi.
448 4667 571 4721 Uhlhorn
589 4670 618 4720 in
635 4666 766 4734 Niedner,
784 4666 896 4720 Ztschft.
918 4665 990 4721 1851.
1010 4683 1037 4736 p.
1055 4666 1115 4727 299.
