3500 5525
807 566 851 632 13

724 672 928 683 .---.--

243 814 302 879 tim
328 823 404 901 post
427 809 550 899 Ignatii
576 818 716 874 mortem
742 817 794 872 est
811 806 947 894 scripta,
973 804 1213 893 quinquaginta
1232 802 1308 870 anni
1325 801 1414 867 inter

243 916 415 1003 utriusque
439 914 501 979 riri
527 922 668 978 mortem
690 912 864 994 intersunt,
899 932 999 997 quum
1025 908 1233 997 Polycarpns
1260 930 1312 973 ao.
1336 906 1407 970 167

244 1019 331 1085 diem
362 1040 552 1107 supremum
585 1016 718 1099 obierit,
749 1013 870 1079 deinde
896 1036 1029 1101 quoque
1059 1010 1240 1101 Polycarpi
1270 1007 1411 1098 epistola

243 1133 356 1211 potest
382 1144 457 1186 esse
481 1119 594 1208 spuria
621 1117 684 1209 (cl.
709 1114 918 1207 Hilgenfeld,
944 1116 1011 1183 Die
1036 1114 1278 1204 apostolischen
1295 1113 1411 1179 Viter.

245 1225 347 1290 Halle
371 1220 502 1312 1853),
521 1245 587 1309 quo
605 1221 693 1287 facto
712 1221 776 1287 hoc
793 1221 936 1309 spatium
950 1220 1049 1287 etiam
1070 1229 1223 1307 augetur.
1252 1216 1411 1283 Irenaeua

246 1350 328 1393 vero
347 1325 429 1416 (111,
450 1323 492 1415 3)
520 1336 555 1391 et
571 1325 737 1391 Eusebius
755 1325 802 1389 H.
821 1324 863 1390 Ε.
886 1325 921 1407 4,
945 1326 989 1388 14
1016 1322 1101 1388 lianc
1120 1320 1292 1411 epistolam
1311 1342 1411 1386 nove-

247 1441 335 1510 runt,
354 1452 494 1517 quorum
513 1428 598 1494 alter
611 1439 646 1493 et
658 1428 768 1494 locum
782 1438 930 1493 nostrum
945 1426 1129 1515 exscripsit,
1149 1433 1290 1491 exeunte
1308 1423 1412 1511 igitur

245 1531 379 1599 saeculo
412 1531 557 1597 secundo
593 1532 816 1599 testimonium
848 1530 1027 1611 habemus,
1067 1552 1132 1617 quo
1164 1526 1337 1616 epistolam
1369 1524 1412 1591 ad

247 1639 448 1725 Smyrnaeos
466 1635 524 1701 illo
542 1646 693 1723 tempore
710 1646 822 1701 notam
840 1633 942 1701 luisse
960 1634 1205 1721 comprobatur.
1251 1628 1314 1694 Illo
1332 1650 1412 1693 vero

246 1752 396 1827 tempore
420 1739 530 1804 versio
560 1740 702 1827 syriaca,
733 1749 772 1805 ut
802 1748 919 1826 postea
944 1736 1138 1818 videbimus,
1170 1731 1315 1799 nondum
1340 1740 1414 1797 erat

246 1843 443 1931 composita,
462 1840 710 1929 quodsi-autem
729 1841 869 1930 epistola
889 1840 932 1905 ad
951 1839 1150 1927 Smyrnaeos'
1169 1836 1297 1916 aderat,
1312 1834 1413 1900 etiam

247 1956 380 2013 ceterae
393 1955 462 2011 tres
476 1944 518 2011 ad
532 1946 734 2033 Magnesios,
751 1944 952 2023 Trallianos,
972 1939 1251 2028 Philadelphenos
1270 1936 1414 2003 adfuisse

246 2072 402 2138 magnam
420 2049 490 2114 veri
508 2049 652 2137 speciem
660 2048 784 2126 ·habet;
803 2048 917 2133 itaque
935 2055 1061 2133 septem
1080 2042 1238 2132 epistolas
1255 2040 1414 2107 habemus

148 2172 151 2177 ’
247 2163 423 2239 antequam
442 2152 551 2217 versio
569 2152 698 2239 syriaca
717 2162 768 2216 est
785 2148 948 2232 conlecta,
976 2171 1074 2235 quam
1099 2159 1167 2213 tres
1192 2155 1321 2212 tantum
1340 2168 1413 2211 eam

247 2257 290 2320 ob
308 2278 442 2321 causam
468 2255 650 2334 continere,
677 2253 767 2341 quod
795 2263 913 2318 auctor
939 2261 1068 2319 ceteras
1094 2250 1222 2339 spurias
1248 2248 1412 2331 habuerit,

248 2357 338 2423 nullo
357 2356 456 2423 modo
475 2366 587 2445 potest
605 2355 835 2423 demonstrari.
877 2355 1064 2421 Bunsenius
1083 2356 1182 2436 enim,
1202 2353 1258 2441 qui
1277 2375 1317 2419 ex
1336 2354 1413 2417 sub-

247 2462 426 2549 scriptione
439 2458 562 2525 codicis
574 2460 693 2547 syriaci
704 2450 911 2540 bum-9!
923 2450 1132 2574 „9le
1147 2456 1208 2525 M
1220 2449 1267 2536 llae·
1302 2447 1320 2531 l
1333 2453 1414 2539 tub.

245 2559 319 2675 §o
338 2604 437 2667 qnam
455 2580 572 2645 vertit:
612 2580 664 2644 Zu
688 2578 786 2644 Ende
804 2579 878 2644 sind
910 2578 979 2645 die
1003 2579 1073 2645 drei
1104 2576 1234 2661 Briefe,
1267 2576 1331 2643 hoc
1356 2575 1414 2641 de-

247 2694 432 2749 monstrare
449 2692 587 2749 conatus
606 2693 657 2748 est
675 2684 809 2765 erravit,
829 2704 925 2747 usum
944 2692 1050 2748 status
1065 2682 1207 2748 absoluti
1225 2680 1412 2772 negligens,

246 2789 440 2870 Hoffmann,
465 2811 573 2877 gram.
601 2810 668 2875 syr.
696 2789 822 2871 5109.
869 2787 970 2862 Quod
994 2810 1073 2852 vcro
1100 2786 1142 2852 ad
1167 2785 1305 2851 alteram
1331 2807 1413 2866 rem,

247 2901 384 2980 propter
402 2915 501 2978 quam
519 2890 652 2978 Lipsius
666 2889 846 2978 Polycarpi
864 2890 1086 2956 testimonium
1105 2890 1243 2976 respuit,
1263 2887 1415 2954 nolumus

247 2994 358 3061 redire
377 2993 420 3060 ad
437 2994 618 3060 Persarum
635 2988 793 3077 ἀγγάρους
809 2993 955 3058 Herodt.
977 2995 1011 3074 8,
1033 2994 1093 3075 98,
1112 2991 1266 3079 Xenoph.
1287 2985 1412 3078 Cyrop.

250 3101 284 3182 8,
300 3100 335 3182 6,
355 3101 413 3179 17,
433 3098 565 3162 minime
583 3097 669 3162 enim
688 3096 868 3185 Polycarpi
889 3097 988 3162 verba
1007 3095 1239 3162 commercium
1257 3093 1414 3184 regulare

249 3201 428 3289 postulant,
455 3201 511 3288 qui
537 3198 727 3288 ipse‘dicit:
753 3198 827 3266 ἐάν
850 3195 898 3274 τίς
921 3196 1103 3286 ἆπέρχηται
1127 3199 1171 3273 alc
1190 3199 1328 3287 Συρίαν,
1355 3196 1415 3263 sed

248 3327 312 3370 non
331 3305 438 3370 solum
454 3304 532 3370 novi
549 3302 693 3370 foederis
719 3301 866 3390 epistolis
892 3303 971 3392 ipsis
996 3304 1242 3391 comprobatur,
1266 3300 1415 3390 singulas

249 3407 403 3474 ecclesias
432 3409 614 3474 arctissime
641 3406 728 3472 inter
752 3429 790 3471 se
816 3404 917 3472 luisse
942 3405 1146 3495 conjunctas,
1172 3428 1287 3470 verum
1315 3405 1415 3470 etiam

248 3511 420 3578 celerrima
437 3512 597 3576 librorum
615 3510 692 3575 novi
709 3510 899 3575 testamenti
917 3533 978 3598 per
996 3532 1108 3576 omnes
1127 3519 1233 3575 terras
1253 3508 1413 3597 dispersio

247 3614 346 3702 plane
372 3614 513 3702 intelligi
539 3615 665 3702 nequit,
701 3613 762 3678 nisi
788 3612 966 3700 accipimus
998 3611 1298 3700 frequentissimum
1330 3610 1417 3676 illins

247 3717 406 3804 temporis
425 3717 631 3782 Christianos
649 3717 735 3782 inter
753 3738 828 3781 sese
842 3715 996 3781 habuisse
1010 3716 1254 3780 commercium.
1284 3713 1414 3788 Quodsi

248 3843 285 3885 re
303 3842 382 3885 vera
400 3819 579 3908 Polycarpi
597 3819 689 3886 locus
707 3841 749 3884 ex
767 3818 929 3906 capitibus
955 3843 975 3884 a
994 3818 1110 3906 Lipsio
1129 3817 1237 3884 allatis
1262 3815 1357 3908 (Pol.
1379 3818 1415 3899 8,

248 3924 317 3988 Sm.
341 3921 408 4012 ll)
427 3924 589 4013 originem
608 3923 712 4005 duxit,
732 3921 766 3987 id
786 3920 875 4008 quod
890 3920 1030 3988 concedi
1044 3931 1166 4010 potest,
1186 3931 1297 3987 tamen
1315 3943 1417 4008 quum

248 4028 348 4092 etiam
366 4025 518 4092 falsarius
538 4028 589 4093 vix
609 4025 746 4113 aliquid,
767 4024 890 4112 quoda
905 4025 955 4090 sui
970 4025 1129 4113 temporis
1146 4047 1210 4090 usu
1225 4024 1415 4107 abhorrent,

248 4131 395 4196 scribere
413 4129 549 4212 audeat,
568 4131 640 4218 ipsa
656 4129 837 4218 Polycarpi
855 4130 957 4195 verba
977 4128 1045 4196 tale
1063 4127 1297 4194 commercium
1315 4125 1416 4192 luisse

248 4257 308 4300 nos
327 4233 459 4299 docent.

325 4337 447 4402 Restat
465 4335 620 4422 denique,
645 4345 683 4400 ut
711 4333 872 4400 addamus
899 4357 1005 4422 pauca
1024 4333 1066 4399 de
1084 4333 1171 4423 stylo
1190 4332 1415 4421 epistolarum,

248 4459 324 4502 nam
341 4439 426 4504 sicut
444 4440 478 4504 in
498 4448 695 4527 argumento
715 4437 776 4502 sibi
794 4447 872 4502 sunt
889 4437 1086 4522 simillimae,
1107 4438 1202 4504 sicet
1218 4460 1298 4503 usus
1316 4436 1416 4525 phra-

248 4539 333 4604 sium
350 4565 389 4606 ac
407 4544 583 4608 verborum
601 4542 750 4607 omnibus
776 4550 828 4607 est
853 4563 949 4625 unus,
978 4541 1072 4629 isque
1097 4541 1245 4630 quamvis
1263 4563 1349 4607 novo
1368 4551 1417 4606 te-

248 4653 412 4708 stamento
431 4645 555 4727 similis,
574 4655 686 4711 tamen
704 4655 755 4711 est
772 4643 960 4734 peculiaris.
1006 4643 1075 4711 Sed
1100 4655 1138 4712 ut
1161 4645 1261 4711 simus
1286 4645 1414 4727 breves,
