3500 5525
820 576 867 641 la

256 790 323 863 tur,
355 780 469 868 itaque
494 778 526 844 hi
550 803 683 868 qnoque
714 781 824 849 neutri
854 778 999 849 familiae
1031 781 1241 851 adnumerari
1271 792 1421 872 possunt.

256 885 324 951 Ubi
341 884 445 974 igitur
464 882 639 949 discrimen
664 886 750 951 iuter
767 886 889 974 Syrum
914 883 1074 974 majorem
1100 896 1135 952 et
1162 886 1424 955 Curetoniauum

257 997 307 1053 est
324 988 481 1076 positum,
505 988 568 1053 nisi
593 987 626 1053 in
654 1012 706 1073 eo,
735 987 825 1076 quod
849 987 934 1055 alter
959 989 1070 1077 capita
1094 988 1207 1075 habet,
1234 1013 1321 1079 quae
1339 990 1425 1059 alter

257 1091 402 1157 omittit?
446 1091 524 1156 Hoc
542 1091 575 1155 in
594 1103 793 1181 argumento
819 1114 900 1157 vero
925 1092 1030 1159 omnis
1056 1092 1241 1181 disquisitio
1261 1104 1424 1179 versatur,

257 1217 358 1282 quum
377 1217 443 1260 non
460 1204 591 1260 constet
608 1196 730 1285 Syrum
749 1196 865 1261 Curet.
886 1194 1026 1261 formam
1044 1196 1258 1284 epistolarum
1278 1198 1424 1287 origina-

256 1297 320 1363 lem
338 1299 511 1385 praebere.
557 1297 734 1373 Quomodo
760 1298 904 1387 denique
925 1299 1028 1387 Syrus
1048 1300 1163 1367 Curet.
1193 1310 1228 1367 et
1246 1300 1330 1366 alter
1348 1324 1424 1390 pos-

256 1410 333 1467 sunt
351 1400 532 1490 distingui?
575 1401 695 1469 Omnin
713 1427 800 1491 quae
823 1404 928 1491 Syrus
954 1403 1070 1469 Curet.
1096 1402 1300 1487 nonhabet,
1327 1403 1423 1471 alteri

256 1504 499 1585 attribuuntur;
526 1513 561 1569 at
579 1516 673 1572 estne
686 1507 791 1595 Syrus
806 1507 967 1573 Cureton.
987 1506 1140 1595 integer?
1168 1506 1237 1573 Sed
1255 1507 1423 1573 mittamus

255 1608 400 1674 internas
419 1608 479 1675 bas
498 1606 724 1692 difficultates,
743 1610 862 1699 quibus
881 1608 1011 1675 laborat
1027 1609 1188 1699 Lipsiauo
1207 1621 1421 1700 argumenta-

255 1712 322 1791 tio;
350 1720 490 1801 apparet
507 1720 613 1778 totam
630 1712 702 1802 ejus
729 1737 799 1780 rem
823 1711 970 1801 pendere
995 1736 1014 1779 e
1033 1710 1162 1780 duabus
1179 1723 1291 1780 textus
1308 1714 1424 1803 graeci

254 1813 385 1881 familiis
404 1815 446 1881 ab
465 1838 505 1881 eo
524 1813 697 1897 distinctis,
717 1816 944 1905 quaerendum
958 1816 1072 1903 itaque
1088 1817 1182 1881 nobis
1196 1826 1258 1898 est,
1273 1838 1351 1883 nuru
1364 1816 1424 1886 has

255 1940 316 1983 suo
329 1916 407 2005 jure
425 1918 585 2007 posuerit,
611 1919 701 2008 quod
725 1921 753 1986 si
778 1942 846 1985 non
870 1917 949 1983 iecit
972 1940 1081 2005 neque
1104 1918 1244 2005 reliqua,
1269 1942 1356 2007 quae
1381 1919 1425 1987 de

255 2021 354 2086 variis
379 2021 594 2109 epistolarum
611 2023 865 2113 Ignatianarum
892 2020 1137 2089 recensionibus
1164 2019 1321 2108 definivit,
1347 2046 1423 2112 pos-

254 2134 332 2191 sunt
349 2123 492 2191 defendi.
1338 2154 1341 2162 ·

330 2228 451 2317 Incipit
475 2253 508 2316 p.
531 2230 578 2294 50
605 2251 646 2294 eo
671 2225 761 2315 quod
785 2226 875 2292 etin
902 2227 1095 2295 recensione
1118 2250 1244 2317 graeca
1270 2227 1422 2318 longiore

254 2331 553 2417 praestantissimas
571 2332 678 2397 inesse
695 2331 854 2397 lectiones
879 2330 1067 2413 contendit;
1094 2340 1205 2397 textus
1222 2354 1302 2397 vero
1321 2330 1420 2421 hujus

254 2433 455 2499 recensionis
474 2459 494 2499 a
511 2435 705 2501 recensione
723 2435 850 2500 minore
874 2433 1013 2515 recedit,
1038 2433 1122 2501 haec
1140 2434 1183 2499 ad
1201 2433 1359 2501 familiam
1379 2439 1421 2513 Α,

254 2535 372 2602 illaad
396 2536 552 2603 familiam
572 2540 601 2603 B
624 2537 778 2626 pertinet.
824 2535 1062 2603 Additamento
1086 2538 1332 2627 interpolatoris
1351 2538 1444 2605 ubi-¹

253 2662 319 2727 que
336 2651 414 2707 sunt
430 2640 645 2722 secernenda,
673 2664 738 2729 qua
762 2641 796 2707 in
821 2664 858 2705 re
877 2641 1019 2707 maxima
1037 2639 1215 2708 difficultas
1233 2651 1284 2708 est
1301 2642 1422 2730 posita,

253 2767 354 2832 quum
373 2769 413 2812 ea
432 2768 635 2835 cognoscere
652 2769 718 2810 non
738 2745 901 2834 possimus
919 2745 981 2811 nisi
1000 2744 1147 2812 adhibita
1162 2745 1288 2812 minore
1306 2769 1422 2814 reeen-

253 2849 361 2929 sione;
389 2858 425 2916 et
442 2872 543 2936 quum
561 2858 737 2938 praeterea
754 2849 951 2933 nesciamus,
971 2871 1058 2936 quae
1077 2851 1118 2915 ab
1137 2849 1376 2937 interpolatore
1389 2851 1422 2916 in

254 2960 348 3016 textu
366 2952 431 3017 siut
448 2963 587 3036 mutata,
606 2961 736 3018 textum
754 2949 899 3016 familiae
916 2952 1134 3019 Brestituere
1152 2975 1217 3017 non
1236 2950 1333 3018 facilc
1346 2977 1423 3040 pos-

254 3076 377 3120 sumus.
423 3054 501 3120 Non
524 3055 627 3144 igitur
655 3053 753 3120 facile
780 3053 860 3142 quid
885 3053 1021 3142 Lipsius
1046 3065 1098 3120 est
1120 3065 1269 3139 conatus,
1295 3064 1423 3122 textum

254 3156 341 3221 enim
358 3155 502 3222 familiae
520 3160 563 3236 Β,
588 3156 631 3223 ad
657 3180 754 3245 quem
773 3181 875 3246 saepe
895 3158 992 3240 redit,
1014 3156 1205 3246 conjectura
1222 3168 1351 3224 tantum
1369 3182 1422 3226 re-

253 3260 372 3326 stituit.
424 3260 574 3326 Primum
596 3259 667 3350 ejus
691 3271 812 3328 testem
835 3262 934 3328 affert
959 3262 1155 3347 Eusebium,
1185 3263 1241 3350 qui
1267 3261 1317 3328 his
1341 3262 1421 3330 locis

253 3386 328 3429 cum
347 3366 377 3430 B
395 3364 566 3431 convenit:
595 3365 694 3430 Rom.
716 3368 751 3449 5,
770 3365 853 3430 Eus.
882 3375 917 3432 et
936 3367 966 3432 B
983 3367 1201 3450 ἐνδεδεμένος,
1220 3365 1242 3430 ἃ
1260 3374 1314 3432 καὶ
1332 3363 1422 3449 εὔχο-

252 3494 324 3552 μαι,
346 3465 506 3553 σύντομα,
525 3471 620 3562 θέλῃ,
638 3475 801 3552 σνγιιοιιοιί
817 3477 852 3534 et
869 3469 993 3534 omittit
1017 3474 1133 3545 κακαῖς
1164 3472 1215 3534 A:
1239 3471 1421 3550 δεδεμένος,

252 3579 308 3636 καὶ
325 3567 475 3655 εὔχομαι,
493 3575 622 3655 ἕτοιμα,
639 3570 777 3662 θελήσῃ,
803 3571 962 3657 σογιιοπῆ,
989 3570 1079 3660 quod
1097 3571 1140 3638 ad
1157 3577 1255 3638 κακοί
1270 3572 1341 3636 sine
1360 3570 1421 3638 du-

251 3675 307 3740 bio
326 3684 437 3740 ortum
456 3685 507 3741 est
525 3699 544 3741 e
561 3683 615 3740 καὶ
633 3673 724 3762 quod
743 3683 777 3738 et
794 3675 824 3738 B
839 3673 952 3758 habet,
970 3675 1096 3742 Euseb.
1118 3684 1229 3740 autem
1246 3697 1322 3740 non.
1351 3675 1421 3741 Εο-

252 3775 328 3842 dem
353 3777 427 3843 loco
451 3801 531 3844 vero
558 3801 632 3844 cum
650 3783 681 3843 A
706 3776 859 3843 convenit
883 3777 985 3842 Eun:
1028 3776 1090 3844 ιδν
1116 3774 1201 3844 αὐτὰ
1226 3779 1262 3844 δὲ
1287 3773 1423 3858 ἄκοντα,

254 3883 301 3962 (Β
318 3879 455 3972 duona)
472 3880 622 3956 κολάσεις
644 3881 874 3968 ἐρχέσθοισοιν,
901 3882 932 3946 Β
955 3878 1087 3956 κόλασις
1110 3880 1271 3966 ἐρχέσθω.
1326 3880 1422 3948 Unus

250 3983 333 4051 Eus.
354 3984 473 4052 habet:
501 3983 640 4070 ἑτοίμων
657 4007 718 4072 pro
737 3980 1003 4072 ἡτοιμασμένων,
1031 3982 1153 4049 omittit
1178 3991 1232 4050 nal
1258 3983 1291 4049 in
1310 3986 1421 4072 phrasi

250 4098 304 4154 καὶ
321 4088 481 4171 κολάσεις,
511 4112 552 4154 ex
583 4087 647 4154 hoc
676 4095 731 4154 aot
749 4109 828 4152 vero
854 4095 952 4152 κακοὶ
976 4090 1006 4152 Α
1031 4097 1082 4154 est
1106 4095 1227 4172 ortum,
1259 4087 1323 4154 hoc
1340 4111 1420 4154 vero

249 4226 328 4291 Lat.
349 4229 379 4292 Α
406 4235 441 4292 et
465 4227 541 4315 Syr.
567 4224 691 4291 habent
714 4213 796 4304 1.ιό
819 4245 881 4311 pro
906 4215 1003 4306 lm,
1030 4223 1153 4290 omittit
1178 4219 1343 4307 ἄνοιτομαὶ
1367 4229 1422 4288 κοιλ

250 4330 434 4416 διαιρέσεις.
487 4327 621 4394 Deinde
638 4329 723 4393 Smr.
745 4329 766 4393 3
787 4327 869 4392 Eua.
897 4337 932 4391 et
956 4329 986 4392 B
1004 4326 1128 4393 liabent
1145 4327 1206 4410 lyci
1230 4327 1278 4406 δέ,
1298 4329 1328 4392 Α
1345 4324 1420 4413 γάρ,

251 4431 310 4496 sed
328 4434 365 4498 δε
381 4444 417 4500 et
433 4443 546 4521 potest
563 4455 636 4498 esse
654 4429 915 4518 interpolatoris,
940 4430 996 4517 qui
1022 4430 1110 4496 huuc
1127 4430 1235 4495 locum
1259 4431 1419 4518 corrupit,

250 4543 425 4621 praeterea
442 4559 523 4603 vero
541 4558 618 4601 cum
630 4533 750 4623 Alegit
767 4530 866 4607 εὖθδς
884 4528 984 4598 αὐτοῦ
1001 4531 1133 4624 ἥψαντο
1147 4541 1203 4598 καὶ
1220 4535 1423 4600 ἐπίστευσαν

250 4639 284 4702 Β
300 4645 355 4703 καὶ
378 4635 476 4714 staec
492 4641 705 4721 ἐπίστευσαν,
723 4636 814 4703 εοΙοε
832 4634 975 4723 denique
992 4634 1094 4703 lrabet
1107 4634 1246 4724 ἐλήλυθε
1259 4659 1321 4725 pro
1339 4633 1422 4724 ἦλθε

1175 4763 1220 4835 p
