3500 5525
892 566 938 632 78

812 670 1015 681 ..Ἤ

329 818 369 875 ut
385 809 457 898 ipse
474 806 610 896 Lipsius
626 828 693 873 non
710 806 831 895 potuit,
856 806 936 893 quin
953 805 1062 872 locum
1081 828 1100 871 e
1118 803 1312 894 fragmentis
1331 805 1498 889 restituat,

329 911 542 1000 nequeenim
567 933 643 976 cum
667 910 955 998 praecedentibus,
980 931 1043 975 nec
1067 930 1144 974 cum
1168 909 1416 996 insequentibus
1440 909 1499 975 tali

330 1015 429 1081 modo
448 1025 587 1105 possunt
607 1011 778 1103 conjungi,
802 1023 841 1079 ut
864 1036 968 1078 nexus
993 1010 1147 1077 rideatur
1169 1034 1280 1078 sanus.
1326 1012 1399 1078 Alia
1417 1034 1499 1079 vero

330 1129 453 1185 estres
471 1119 617 1183 intentu
641 1138 779 1206 graeco,
804 1125 980 1205 postquam
1006 1116 1149 1203 scriptor
1172 1138 1246 1203 cap.
1265 1115 1307 1181 V.
1328 1115 1496 1203 explicuit,

330 1244 403 1289 sese
424 1221 587 1287 dirissima
605 1242 758 1309 quaeque
784 1220 869 1286 velle
893 1220 974 1308 pati,
999 1230 1038 1284 ut
1064 1218 1107 1283 ad
1126 1218 1297 1284 Christum
1314 1220 1497 1307 perveniat,

330 1326 443 1415 pergit
459 1346 532 1414 cap.
552 1324 611 1391 VI.
632 1325 773 1413 optimas
797 1345 931 1411 quoque
950 1346 1003 1388 res
1021 1321 1204 1387 mundanas
1223 1322 1284 1387 sibi
1301 1322 1393 1387 nihili
1411 1344 1495 1408 esse,

298 1428 650 1518 'praestantissimum
666 1428 729 1493 sibi
746 1426 852 1493 rideri
870 1427 954 1493 mori
979 1426 1011 1490 in
1038 1426 1067 1491 O
1075 1425 1276 1507 hristum,
1303 1427 1341 1491 τὸ
1365 1423 1500 1493 ἀποθα-

330 1542 400 1598 νεῖν
417 1534 462 1606 εἰς
480 1529 636 1615 Χριστόν,
660 1530 753 1595 illum
770 1553 807 1595 se
826 1529 907 1596 dicit
925 1552 1097 1617 quaerere,
1121 1538 1253 1617 partum
1271 1550 1351 1593 vero
1370 1530 1432 1595 sibi
1449 1530 1497 1595 in-

330 1644 430 1701 stare.
458 1635 620 1700 Versatur
637 1634 802 1721 oppositio
820 1633 1057 1699 sententiarum
1075 1633 1108 1697 in
1126 1632 1235 1698 ¹verbis
1254 1633 1291 1698 τὸ
1303 1629 1500 1725 ιἀποθανεῖν

330 1748 364 1803 et
383 1735 400 1805 ὃ
418 1738 559 1815 τοκετὸς,
578 1747 685 1802 morte
702 1736 790 1803 enim
808 1736 1016 1802 Christianus
1035 1736 1156 1801 iterum
1174 1736 1331 1801 nascitur.
1375 1736 1497 1825 Respi-

225 1896 230 1903 .
330 1863 408 1909 cere
426 1840 558 1907 ridetur
573 1841 718 1929 scriptor
740 1838 850 1906 locum
869 1850 935 1906 act.
956 1844 992 1923 λ,
1013 1842 1061 1905 ut
1084 1839 1141 1905 ubi
1166 1839 1291 1928 legitur
1316 1837 1355 1905 ὃν
1378 1838 1396 1905 ὁ
1422 1840 1500 1914 θεὸς

330 1942 492 2030 ἀνέστησε
514 1942 616 2019 λύσας
640 1945 698 2019 τὰς
722 1941 840 2019 addisco
864 1950 924 2011 τοῦ
948 1941 1111 2011 θανάτου.
1156 1942 1288 2008 Eodem
1305 1941 1404 2007 modo
1423 1966 1496 2031 cap.

331 2048 405 2115 VH.
424 2049 528 2114 rerba
546 2044 565 2113 ὃ
582 2048 657 2131 ἐμὸς
675 2048 754 2130 ἔρως
770 2045 974 2134 ἐσταύρωται
993 2069 1067 2111 cum
1084 2046 1124 2112 iis
1139 2068 1224 2133 quae
1241 2044 1447 2134 praecedunt
1464 2056 1499 2113 et

331 2174 418 2239 quae
434 2161 618 2238 sequuntur
636 2161 728 2217 arcte
745 2149 936 2233 cohaerent,
962 2150 1035 2238 quis
1060 2150 1147 2215 enim
1165 2170 1231 2215 non
1248 2148 1405 2239 intelligit
1422 2149 1498 2215 stri-

331 2265 422 2321 ctum
438 2277 559 2319 nexum
576 2254 610 2319 iu
627 2256 736 2321 verbis
755 2254 822 2320 his:
856 2257 931 2321 Ζῶν
949 2252 1064 2341 γράφω
1081 2251 1170 2337 ύμῖν,
1188 2254 1272 2340 ἐρῶν
1289 2258 1347 2320 τοῦ
1365 2250 1498 2321 ἀποθα-

330 2368 415 2427 νεῖν·
435 2355 454 2425 ὁ
471 2358 548 2440 ἐμὸς
565 2357 645 2445 ἔρως
662 2356 881 2443 ἐσταύρωται,
899 2367 953 2423 καλ
972 2354 1029 2423 οὐκ
1047 2357 1138 2423 ἔστιν
1155 2357 1192 2423 ἐν
1211 2358 1282 2439 ἐμοὶ
1301 2362 1366 2441 πῦρ
1386 2356 1498 2444 pitat-

330 2464 402 2539 λον,
420 2460 506 2547 ὕδωρ
524 2463 560 2527 δὲ
580 2466 641 2539 ζῶν
657 2468 713 2525 καὶ
738 2462 861 2526 λαλοῦν
877 2461 915 2527 ἐν
939 2462 1012 2542 ἐμαὶ
1036 2460 1166 2527 doubts
1189 2486 1245 2543 μοι
1269 2462 1379 2541 λέγον·
1404 2461 1498 2543 δεῦρο

330 2566 413 2650 πρὸς
429 2565 489 2631 τὸν
506 2568 646 2645 πατέρα.
692 2564 776 2637 Quis
793 2585 860 2629 non
877 2563 977 2627 sentit
995 2562 1196 2651 elegantiam
1216 2561 1316 2651 stylis
1348 2562 1499 2653 Langui-

331 2667 501 2757 dissimum
519 2676 634 2732 contra
653 2676 704 2731 est
721 2665 812 2753 quod
829 2666 932 2732 habet
948 2667 1069 2755 Syrus:
1112 2686 1168 2742 001
1191 2658 1284 2787 lah,
1301 2663 1373 2753 ..sb-,t
1390 2658 1500 2747 lbani

328 2763 436 2851 λλνμύ
452 2763 591 2851 limo
609 2762 673 2850 lius
690 2790 746 2836 ..2
764 2768 872 2839 hoho.
919 2771 1121 2836 Curetonius
1139 2794 1171 2858 p.
1193 2772 1266 2837 302
1293 2769 1389 2836 dicit:
1424 2773 1499 2837 'I'he

331 2875 476 2942 mention
494 2873 531 2939 of
545 2875 607 2940 lire
624 2874 658 2939 in
674 2872 807 2942 himself
826 2875 871 2964 by
889 2873 1040 2964 Ignatius
1064 2895 1170 2941 seems
1193 2884 1229 2942 to
1248 2874 1333 2940 hare
1352 2875 1499 2964 brought

329 2980 372 3044 its
391 2979 542 3068 opposite
560 2978 714 3063 element,
733 2988 848 3062 water,
866 2979 936 3044 into
955 2979 1012 3044 the
1030 2977 1121 3044 mind
1139 2977 1175 3044 of
1190 2979 1248 3045 the
1266 2979 1498 3068 interpolator,

331 3081 396 3148 and
414 3091 449 3148 to
467 3082 552 3148 hare
570 3081 755 3171 suggested
776 3092 812 3148 to
830 3082 899 3147 him
923 3083 957 3148 in
982 3083 1046 3148 this
1065 3081 1160 3170 place
1183 3082 1240 3148 the
1258 3081 1365 3147 words
1384 3079 1421 3146 of
1437 3105 1499 3148 our
1620 3083 1622 3087 ’

330 3184 425 3252 Lord
443 3185 476 3250 in
493 3185 543 3251 his
562 3187 792 3252 conversation
809 3185 888 3252 with
911 3185 968 3250 the
986 3208 1113 3252 woman
1138 3183 1175 3250 ol
1191 3186 1342 3252 Samaria
1365 3185 1440 3251 Joh.
1463 3187 1498 3270 4,

334 3291 394 3371 14,
413 3288 473 3355 sed
490 3313 550 3354 cur
567 3313 633 3356 non
646 3287 798 3377 Ignatius
816 3289 888 3376 ipse
906 3287 989 3353 haec
1002 3289 1104 3354 verba
1119 3287 1297 3354 admodum
1316 3287 1499 3378 singularia

329 3393 440 3482 potuit
456 3393 625 3458 scribere?

407 3489 561 3585 In'capp.
580 3493 675 3563 VIII.
694 3502 729 3559 et
746 3491 807 3559 IX.
834 3492 944 3558 verbis
969 3489 1071 3580 ύρτσν
1095 3497 1178 3560 θεοῦ
1195 3491 1284 3557 θέλω
1303 3492 1369 3555 κτλ.
1388 3495 1442 3554 καὶ
1460 3489 1498 3556 τὸ

330 3599 411 3685 αἷμα
431 3597 532 3668 adseri
552 3600 638 3666 θέλω
653 3596 757 3682 πόμα,
777 3596 901 3664 diores
914 3593 1024 3684 ἄγύπη
1038 3591 1211 3684 ἄφθαρτος
1229 3593 1333 3682 Syrus
1353 3591 1500 3659 adnectit

330 3706 443 3769 statim
468 3700 650 3782 ἀσπάζεται
676 3699 759 3786 ὑμᾶς
781 3701 818 3766 τὸ
844 3702 925 3784 ἐμὸν
948 3706 1087 3782 πνεῦμα.
1135 3695 1225 3774 Quid
1250 3696 1364 3763 durius
1389 3707 1499 3786 potest

330 3831 414 3892 esse,
434 3829 536 3894 quum
553 3829 607 3871 res
626 3805 767 3870 maxime
785 3803 936 3868 diversae
950 3803 1037 3869 inter
1055 3827 1090 3870 se
1105 3801 1374 3892 conjungantur?
1403 3801 1499 3875 Quae

329 3918 513 3996 sequuntur
531 3931 571 3972 ex
591 3907 731 3996 epistola
750 3905 794 3971 ad
811 3905 1001 3972 Trallianos
1019 3930 1085 3972 non
1103 3904 1200 3995 hujus
1218 3905 1284 3970 loci
1303 3928 1395 3988 esse,
1428 3903 1498 3992 jam

329 4035 363 4100 p.
385 4012 432 4077 62
453 4009 760 4074 demonstravimus.
795 4009 851 4074 Sic
868 4009 972 4098 igitur
990 4021 1024 4075 et
1042 4011 1075 4075 in
1092 4009 1156 4075 hac
1174 4007 1314 4096 epistola
1332 4008 1499 4073 recensio-

329 4114 379 4180 nis
396 4137 541 4204 graecae
558 4135 661 4179 nexus
684 4121 833 4202 praestat
857 4113 1041 4180 recensioni
1065 4113 1225 4204 syriacae,
1254 4135 1340 4200 quae
1364 4121 1401 4176 ut
1425 4109 1498 4175 ubi-

329 4241 394 4307 que
413 4217 460 4285 sic
477 4216 531 4284 hic
549 4239 681 4306 quoque
699 4223 750 4281 est
768 4214 929 4283 mutilata.
