3500 5525
836 579 860 644 9

264 820 308 886 sti
324 821 574 910 generationem
593 830 629 887 et
646 829 762 887 contre
789 818 1061 885 inhabitationem
1079 818 1149 908 logi
1176 828 1361 901 moverunt,
1381 818 1430 885 di-

264 934 376 990 centes
393 924 565 990 Christum
582 924 749 990 hominem
766 946 807 988 ex
825 922 1012 988 hominihus
1031 919 1181 1013 luisse').

342 1027 411 1094 Sed
429 1029 579 1115 quamvis
597 1038 763 1093 sectarum
779 1026 912 1092 nomina
931 1048 996 1091 non
1021 1024 1175 1093 distinete
1201 1025 1265 1093 diei
1291 1025 1429 1115 possint,

262 1139 375 1197 tamen
392 1131 457 1197 hoc
475 1154 515 1197 ex
533 1131 584 1197 his
602 1128 730 1197 indiciis
747 1130 819 1196 sine
841 1128 943 1195 dnbio
970 1128 1084 1219 colligi
1109 1128 1225 1195 debet:
1252 1130 1329 1195 Hae
1348 1129 1429 1195 defi-

263 1234 406 1299 nitiones
430 1233 686 1324 christologicae
708 1234 849 1322 proponi
872 1255 939 1297 non
962 1241 1153 1320 potuerunt,
1180 1233 1242 1299 nisi
1267 1244 1428 1321 tempore,

264 1359 332 1424 quo
349 1348 418 1403 tres
436 1338 597 1403 maximae
614 1338 649 1403 iu
666 1337 806 1403 ecelesia
820 1335 954 1401 luerunt
965 1334 1136 1417 lectiones,
1155 1337 1260 1425 prima
1279 1336 1430 1403 docetica

263 1441 428 1528 gnostica,
446 1440 592 1507 secunda
610 1441 799 1522 ebionitica‚
817 1440 918 1505 tertia
936 1462 1022 1527 qnae
1036 1438 1156 1505 deinde
1173 1439 1361 1505 orthodoxa
1378 1450 1430 1505 est

262 1542 363 1627 faeta,
388 1567 488 1631 quam
513 1545 655 1633 scriptor
678 1553 792 1610 noster
814 1544 948 1630 utrique
971 1543 1058 1631 parti
1084 1544 1232 1632 opponit.
1288 1543 1429 1618 Quaesi

262 1648 309 1713 ita
333 1670 370 1712 se
394 1647 529 1732 hahent,
552 1646 652 1714 facile
677 1646 887 1735 intelligitur,
912 1668 971 1711 our
995 1648 1138 1735 scriptor
1161 1659 1229 1713 tam
1251 1646 1430 1735 diligenter

262 1752 425 1817 unitatem
450 1762 486 1817 et
512 1750 725 1817 concordiam
756 1748 913 1831 suadeat,
947 1761 981 1815 et
1011 1749 1232 1817 obedientiam
1266 1750 1429 1839 episcopis

263 1854 508 1941 praestandam.
563 1855 684 1920 Priore
701 1854 787 1921 enim
812 1863 964 1941 tempore
989 1877 1029 1919 ea
1054 1877 1140 1940 quae
1164 1854 1314 1943 ignatius
1340 1876 1430 1921 com·

263 1956 449 2024 mendatio
466 1959 629 2048 regimine
646 1957 873 2024 eeclesiastico
896 1955 1042 2022 nondum
1061 1956 1169 2023 locum
1193 1956 1327 2038 habent,
1353 1980 1429 2023 nam

261 2062 294 2125 in
313 2084 399 2127 novo
417 2072 616 2128 testamento
635 2062 868 2150 episcoporum
886 2070 921 2126 et
938 2062 1209 2149 presbyterorum
1236 2060 1353 2127 eadem
1378 2071 1430 2127 est

262 2162 408 2253 dignitas
432 2164 475 2232 of.
494 2176 560 2232 aet.
582 2167 644 2244 20,
675 2167 720 2229 17
748 2164 790 2231 cl.
810 2187 859 2229 rs.
881 2166 942 2245 28,
966 2163 1054 2230 Phil.
1079 2167 1167 2248 l,1‚
1196 2165 1265 2231 Tit.
1290 2166 1322 2248 1,
1344 2166 1365 2229 5
1385 2164 1427 2229 cl.

262 2290 311 2332 vs.
331 2272 367 2349 7,
404 2270 420 2333 l
443 2269 533 2334 rim.
554 2270 590 2352 3,
610 2270 645 2350 8,
669 2271 702 2349 l,
721 2267 774 2333 vel
791 2268 824 2332 in
843 2266 983 2356 epistola
1003 2267 1183 2335 Clementis
1201 2268 1345 2335 Romani
1363 2290 1429 2333 non

263 2392 304 2435 ea
322 2369 365 2435 de
383 2370 523 2438 eeclesia
541 2371 650 2459 deque
668 2371 899 2438 ecelesiasticis
917 2370 1032 2437 officiis
1051 2382 1161 2437 exstat
1178 2372 1301 2460 opinio,
1329 2362 1429 2459 quam

261 2473 295 2537 in
313 2497 389 2562 epp.
404 2474 495 2562 Ignt.
509 2474 678 2541 habemus.
706 2476 844 2541 Habent
857 2475 945 2541 enim
959 2476 1145 2564 presbyteri
1159 2474 1298 2541 eandem
1313 2485 1427 2542 auoto-

260 2576 405 2661 ritatem‚
430 2601 529 2665 quam
553 2579 711 2667 episcopi,
736 2579 801 2645 illis
826 2580 913 2645 euim
938 2578 1086 2645 seditiosi
1112 2578 1159 2644 illi
1184 2579 1330 2645 homines
1355 2602 1429 2645 sese

261 2678 384 2746 debent
400 2679 576 2771 subjicere,
595 2706 660 2749 non
678 2683 736 2748 uni
761 2683 916 2772 episcopo
944 2682 996 2747 Cl.
1017 2682 1060 2748 ad
1079 2683 1158 2748 Cor.
1180 2685 1224 2747 57
1247 2692 1282 2749 et
1300 2682 1428 2773 eligun-

259 2795 315 2849 tur
332 2785 479 2874 episcopi
497 2787 702 2852 acclamante
719 2797 792 2852 toto
810 2799 909 2852 coetu
927 2787 1106 2854 christiano
1129 2785 1430 2876 (συνευδοκησάσης

259 2885 367 2974 πάσης
383 2895 438 2975 τῆς
454 2887 653 2978 ἐκκλησίας),
672 2890 772 2954 immo
785 2888 860 2954 lites
875 2887 918 2954 de
932 2913 1047 2955 eorum
1062 2885 1265 2980 dignitatd)
1285 2891 1428 2956 existere

260 3001 417 3078 poterant
434 3015 464 3057 e.
485 2995 546 3075 44,
574 2989 666 3079 quod
683 2990 737 3055 rix
755 2989 880 3056 laetum
899 3001 998 3074 esset,
1017 2992 1045 3056 si
1064 2993 1210 3079 episcopi
1228 2993 1261 3056 in
1280 2991 1353 3058 loeo
1372 2991 1427 3058 dei

259 3092 408 3161 luissent.
462 3094 655 3182 Insequenti
672 3116 753 3159 vero
771 3104 933 3182 tempore,
959 3117 1025 3181 quo
1053 3093 1199 3160 haeresis
1217 3117 1254 3162 re
1272 3117 1351 3160 vera
1369 3118 1427 3183 pe-

259 3197 403 3264 riculosa
421 3198 533 3286 coepit
550 3220 634 3282 esse,
660 3196 838 3264 concordia
857 3209 891 3263 et
908 3198 1036 3264 unitate
1055 3221 1137 3286 opus
1156 3209 1239 3283 erat,
1265 3209 1303 3265 ut
1321 3197 1427 3266 ecele-

258 3301 307 3366 sia
322 3325 341 3366 a
356 3300 450 3368 malis
464 3311 499 3367 et
513 3302 677 3389 perversis
691 3301 934 3382 haereticorum
948 3301 1078 3390 placitis
1093 3301 1300 3370 liberaretur.
1323 3302 1427 3370 Haud

258 3427 397 3491 parvum
415 3404 574 3493 temporis
591 3406 734 3493 spatium
753 3405 840 3472 inter
859 3405 1041 3472 Clementis
1066 3416 1101 3472 et
1125 3407 1230 3472 nostri
1257 3406 1427 3494 scriptoris

259 3518 403 3573 aetatem
421 3508 646 3574 intercessisse
663 3509 807 3591 videtur,
833 3532 935 3596 quum
961 3533 1026 3575 non
1053 3510 1165 3574 statim
1189 3533 1230 3576 ea
1248 3508 1427 3576 catholieo-

258 3633 333 3676 rum
352 3611 385 3676 in
403 3610 589 3678 haereticos
604 3613 751 3700 potuerit
764 3636 838 3678 esse
851 3613 913 3696 ira,
929 3636 994 3678 non
1009 3637 1048 3679 ea
1063 3613 1292 3700 episcoporum
1312 3625 1426 3679 auoto-

332 3808 355 3873 ι)
373 3809 442 3861 Just.
461 3808 524 3861 dial.
543 3825 566 3861 c.
584 3809 687 3877 Tryph.
706 3808 752 3864 48:
788 3806 844 3860 Kal
866 3803 918 3876 poio
936 3807 986 3861 slot
1003 3826 1072 3871 τινες
1095 3840 1125 3849 -
1150 3802 1205 3862 ἀπὸ
1227 3809 1275 3862 τοῦ
1299 3802 1427 3880 ἡμετέρου

257 3890 351 3961 γένους
370 3895 401 3960 (i.
420 3911 445 3948 e.
463 3893 621 3959 Christiani)
641 3888 833 3963 ὁμολογοῦντες
850 3889 936 3947 αὐτὸν
953 3889 1069 3962 Χριστὸν
1086 3889 1163 3962 εἶναι,
1186 3887 1335 3963 ἄνθρωπον
1353 3891 1382 3948 δὲ
1399 3891 1428 3962 ἐξ

256 3973 414 4047 ἀνθρώπων
430 3973 571 4047 γενόμενον
594 3974 819 4049 ἀποφαινόμενοι.
860 3982 902 4033 Ib.
921 3998 943 4034 c.
962 3980 1008 4034 49:
1036 3973 1141 4044 Πάντες
1158 3975 1232 4050 ἡμεῖς
1249 3975 1297 4033 τὸν
1314 3983 1362 4052 xp.
1383 3973 1427 4036 dv·

256 4068 372 4134 &porros
394 4063 422 4132 ἐξ
445 4060 603 4134 ἀνθρώπων
625 4067 816 4136 upocdouoipsv
839 4061 1005 4135 perdocebat.
1043 4069 1112 4123 lreu.
1137 4067 1198 4120 adv.
1220 4068 1325 4120 haeres.
1344 4070 1365 4133 Ι,
1384 4069 1426 4134 26,

258 4153 286 4205 l:
305 4152 450 4206 cerinthus
467 4153 561 4204 Jesum
582 4153 699 4220 subjecit
722 4169 778 4207 uon
802 4169 838 4206 ex
864 4155 971 4222 virgine
999 4159 1107 4217 netum,
1134 4155 1218 4206 fuisse
1245 4160 1336 4206 autem
1364 4169 1426 4207 eum

255 4237 359 4307 Joseph
384 4244 412 4291 et
429 4238 531 4290 llariroe
553 4238 639 4290 lilium
658 4244 686 4292 et
702 4239 765 4306 plus
783 4241 905 4306 potuisse
919 4241 1023 4308 justitia
1042 4245 1070 4292 et
1086 4239 1231 4307 prudentie
1249 4245 1277 4292 et
1294 4241 1428 4308 sapientia

257 4325 292 4378 ah
310 4324 476 4391 hominibus,
495 4328 602 4391 etpost
623 4323 790 4392 baptismum
814 4324 989 4378 descendisse
1013 4327 1039 4378 in
1065 4340 1127 4378 eum
1154 4323 1300 4378 Christum.
1336 4325 1380 4378 Sic
1399 4332 1428 4380 et

256 4411 327 4478 Ignt.
345 4410 381 4462 ad
398 4409 485 4461 Phild.
503 4409 533 4464 8:
555 4401 621 4460 'Eois
636 4402 673 4476 μὴ
690 4404 719 4460 ἐν
734 4412 791 4470 τοῖς
809 4402 932 4477 ἄρχαίοις
949 4402 1019 4478 adpro
1037 4409 1074 4480 τῷ
1092 4403 1231 4480 εὐαγγελίῳ
1250 4403 1283 4463 οὐ
1301 4404 1426 4478 πιστεύω,

256 4496 274 4546 i.
292 4510 315 4547 e.
334 4498 402 4547 siin
421 4495 482 4548 Vet.
501 4495 574 4547 Test.
593 4511 650 4547 non
667 4495 787 4548 invenio.

328 4581 355 4645 ¹)
372 4579 417 4632 Sic
436 4581 509 4633 enim
527 4571 616 4648 ὄνομα
644 4586 686 4633 est
708 4579 915 4649 explicandum,
942 4581 1016 4634 idem
1041 4587 1082 4635 est
1100 4581 1175 4650 quod
1192 4575 1314 4650 ἀξίωμα,
1342 4597 1426 4650 quum

258 4662 293 4715 de
310 4665 423 4717 nomine
440 4668 631 4720 contentiones
649 4681 706 4720 non
723 4667 862 4735 potuerint
880 4681 949 4720 esse.
