3500 5525
825 580 874 644 69

746 686 949 697 ----.--

263 819 365 885 lrabet
394 818 456 885 ἐὰν
485 824 620 913 γνωσθῇ
651 822 755 886 πλέον
789 825 848 886 τοῦ
877 817 1062 886 ἐπισκόπου
1093 818 1183 906 quod
1215 818 1290 908 Syr.
1323 816 1433 883 reddit

262 914 455 1003 imum!
477 939 517 1022 ῳ
541 921 608 1001 ’Δ
633 914 737 1000 Μ]
762 914 803 1022 Xl
831 920 922 987 unde
940 922 1056 987 Curet.
1083 931 1118 987 et
1135 922 1229 1010 Lips.
1256 921 1433 987 restituunt

262 1028 349 1110 πλὴν
372 1048 434 1113 pro
459 1030 579 1106 πλέονς
615 1025 804 1092 addendum
829 1035 940 1091 tamen
966 1024 1097 1091 ridetur
1121 1024 1235 1114 Magn.
1259 1027 1304 1090 10
1331 1027 1434 1091 πλέον

263 1128 381 1195 eodem
400 1128 500 1195 modo
518 1140 556 1194 ut
573 1129 627 1195 bic
645 1152 720 1197 esse
733 1130 888 1218 positam,
908 1128 1033 1218 legitur
1046 1128 1130 1195 enim
1150 1128 1195 1194 ibi
1214 1127 1248 1204 ὃς
1266 1130 1326 1216 γὰρ
1345 1124 1432 1215 ἄλλῳ

263 1232 400 1318 ὀνόματι
417 1236 564 1299 καλεῖται
581 1236 685 1299 πλέον
701 1231 818 1300 τούτου
835 1232 893 1301 οὔκ
910 1234 1002 1299 ἐστιν
1018 1235 1077 1299 τοῦ
1094 1235 1185 1299 θεοῦ.

340 1336 372 1401 Ε
390 1358 487 1424 capp.
505 1336 582 1402 Vll.
603 1346 638 1402 et
655 1335 747 1403 VIII.
768 1338 873 1424 Syrus
892 1334 976 1401 duos
994 1346 1121 1419 tantum
1139 1334 1232 1401 locos
1251 1334 1360 1417 affert,
1379 1332 1433 1399 hic

263 1440 369 1528 igitur
386 1443 413 1504 si
434 1448 546 1504 textus
568 1462 712 1529 graecus
735 1439 969 1505 additamentis
994 1450 1081 1505 esset
1105 1437 1311 1505 adulteratus
1336 1458 1432 1525 prae-

263 1543 385 1608 stantia
402 1543 603 1609 recensionis
621 1545 771 1633 syriacae
784 1543 890 1608 videri
908 1542 1057 1625 deberet,
1078 1552 1113 1609 at
1124 1542 1247 1609 nullam
1262 1550 1432 1631 praestan-

264 1647 346 1711 tiam
363 1646 557 1712 invenimus.
602 1646 729 1712 Ultima
753 1650 855 1713 rerba
879 1648 966 1713 enim
990 1638 1047 1725 lul
1071 1646 1141 1732 οὸγγ
1165 1637 1256 1726 Ιὼ
1285 1636 1325 1723 lid
1348 1635 1433 1723 blo

263 1750 402 1857 72529)
419 1741 480 1857 r!
496 1747 600 1816 ..m
617 1741 849 1845 lagsllbbllly
866 1742 997 1835 leben!
1016 1773 1081 1815 non
1095 1760 1234 1837 possunt
1247 1746 1356 1813 redire
1370 1748 1432 1812 nisi

265 1853 308 1918 ad
326 1853 436 1918 locum
453 1876 527 1942 cap.
548 1857 570 1917 7
597 1860 718 1942 πρέποι
738 1853 934 1941 ΙΙολιίιιαρπε
951 1856 1017 1917 κτλ.
1044 1853 1101 1940 qui
1125 1853 1253 1941 syriace
1271 1860 1381 1916 exstat
1398 1874 1430 1938 p.

267 1958 355 2039 200,
375 1956 396 2022 l.
419 1960 480 2041 27,
499 1957 571 2023 sine
588 1980 655 2044 quo
673 1956 771 2045 plane
788 1978 853 2021 non
872 1965 1012 2045 possunt
1029 1956 1179 2045 intelligi.
1213 1954 1326 2020 Futile
1344 1952 1431 2018 enim

264 2060 328 2127 boc
345 2071 579 2149 argumentum
596 2060 765 2150 Ignatium
791 2082 892 2147 quum
912 2062 1075 2149 Smyrnae
1102 2058 1192 2147 apud
1209 2058 1432 2147 Polycarpum

263 2162 391 2245 luisset,
418 2163 481 2229 bac
499 2164 542 2229 de
566 2186 605 2229 re
622 2187 696 2229 cnm
718 2187 759 2229 eo
777 2162 924 2229 locutum
944 2186 1027 2245 esse,
1053 2186 1149 2229 nemo
1174 2160 1339 2250 proleret3
1365 2162 1431 2249 pri-

265 2290 353 2332 mum
372 2268 460 2332 enim
477 2266 687 2333 nibilominus
704 2268 857 2357 Ignatius
874 2288 945 2333 rem
963 2276 1031 2333 tam
1048 2290 1197 2355 gravem,
1221 2288 1319 2354 quam
1338 2264 1432 2353 lega-

265 2372 387 2437 tionem
406 2371 612 2436 Antiochiam
631 2371 826 2437 mittendam
846 2381 915 2437 tam
939 2370 1057 2437 leviter
1083 2394 1149 2436 non
1174 2370 1338 2459 potuisset
1359 2378 1433 2433 tan-

265 2496 360 2564 gere,
387 2474 508 2541 deinde
532 2497 666 2563 quoque
690 2498 731 2541 ex
756 2475 820 2541 hoc
844 2484 1043 2565 argumento
1074 2473 1187 2562 colligi
1218 2482 1330 2561 posset
1360 2472 1433 2537 tots

266 2578 407 2667 epistola
424 2601 490 2644 non
507 2600 591 2666 opus
617 2578 730 2660 finisse,
758 2601 859 2666 quum
879 2578 1127 2645 adhortationes
1145 2588 1213 2643 tam
1231 2598 1349 2665 parurn
1367 2574 1433 2640 ori·

265 2682 406 2772 ginales,
434 2682 550 2770 quales
575 2681 659 2748 haec
682 2682 822 2771 epistola
841 2683 1000 2767 continet,
1019 2682 1072 2747 vix
1090 2704 1247 2770 unquam,
1276 2689 1311 2745 et
1328 2678 1432 2744 multo

265 2788 373 2852 minus
390 2788 462 2852 viro
481 2787 661 2874 episcopali
679 2810 815 2854 munere
833 2786 985 2876 fungenti
1004 2787 1068 2851 sint
1081 2785 1298 2852 necessariae.
1326 2783 1432 2850 Prae-

265 2901 358 2957 terea
377 2899 412 2956 et
428 2890 595 2956 Eusebius
612 2890 722 2956 locum
740 2914 813 2977 cap.
833 2891 910 2957 VII.
937 2899 1051 2977 aperte
1069 2889 1214 2977 respicit,
1235 2909 1335 2976 quum
1353 2887 1434 2952 sori-

265 2997 325 3060 bat
345 2997 384 3060 H.
407 2997 442 3060 li.
464 2995 499 3077 3,
520 2995 568 3059 36
589 2991 788 3084 (Ἰγνάτιος)
807 2990 876 3060 ἀπὸ
898 2991 1073 3078 Τρωάδος.
1094 3041 1101 3056 .
1123 3042 1131 3058 .
1151 2994 1206 3057 διὰ
1223 2996 1347 3078 γραφῆς
1364 2987 1432 3074 ὁμι-

265 3101 341 3164 λεῖ.
362 3147 371 3163 .
391 3147 399 3164 .
430 3095 648 3184 Πολοκᾶρπῳ,
666 3095 705 3163 ὃν
723 3097 777 3163 οἷα
794 3098 833 3182 δὴ
850 3093 1070 3164 ιῖποστολικὸν
1084 3092 1188 3182 ἄνδρα
1203 3090 1237 3161 εὖ
1250 3091 1339 3178 μάλα
1353 3117 1432 3176 γνω-

267 3206 373 3286 ρίζων,
390 3201 449 3286 τὴν
465 3197 535 3266 κατ’
548 3197 742 3280 Ἀντιόχειαν
756 3197 844 3290 αὐτῷ
858 3206 1001 3286 ποίμνην
1018 3196 1060 3274 ὡς
1078 3197 1120 3265 ἂν
1137 3197 1265 3284 γνήσιος
1283 3204 1336 3264 καὶ
1354 3193 1433 3280 ἆγα-

266 3305 328 3377 stc
345 3305 467 3388 ποιμὴν
483 3309 718 3390 παρατίθεται,
736 3304 794 3388 τὴν
818 3311 894 3390 περὶ
917 3299 1013 3387 αὐτῆς
1038 3303 1199 3389 φροντίδα
1218 3302 1272 3368 διὰ
1291 3301 1434 3388 σπονδῆς

266 3407 353 3488 ἔχειν
370 3403 472 3474 αὐτὸν
488 3404 597 3487 ἆξιῶν.
650 3407 730 3474 Huc
748 3407 890 3495 denique
909 3406 1048 3490 accedit,
1075 3405 1165 3496 quod
1183 3406 1269 3472 ratio
1287 3405 1433 3494 interpo-

267 3507 381 3577 latoris
400 3509 579 3576 admodum
598 3511 680 3575 mira
699 3521 798 3594 esset,
818 3511 845 3575 si
864 3511 973 3576 locum
992 3534 1064 3598 cap.
1087 3511 1186 3576 7-8
1205 3510 1311 3575 textui
1330 3509 1432 3596 origi-

266 3614 333 3680 nali
345 3613 544 3698 addidisset,
572 3615 628 3701 qui
652 3637 705 3679 res
725 3613 932 3703 dogmaticas
957 3615 1088 3680 omnino
1112 3637 1177 3678 non
1200 3613 1363 3692 continet,
1391 3609 1433 3675 ad

267 3741 366 3804 quem
383 3719 469 3782 enim
487 3718 586 3782 finem
604 3717 679 3783 libri
697 3718 800 3807 spurii
823 3726 901 3781 sunt
924 3715 1088 3798 fabricati,
1115 3716 1176 3781 nisi
1201 3715 1243 3780 ad
1268 3737 1434 3780 commen«

268 3820 377 3887 danda
396 3820 580 3910 dogmata?
606 3823 657 3886 An
676 3820 817 3888 fortasse
830 3818 982 3886 falsarius
996 3819 1161 3908 genuinae
1178 3819 1255 3884 huic
1273 3817 1434 3913 epistolae

267 3923 397 3991 addidit
413 3925 521 3991 locum
541 3925 638 4009 hunc,
665 3936 703 3991 ut
727 3949 828 4013 quum
846 3924 987 3990 senserit
1004 3945 1099 3987 suum
1118 3923 1249 3988 dicendi
1266 3943 1373 4012 genus
1392 3923 1434 3986 ab

266 4028 443 4116 Ignatiano
461 4027 622 4094 recedens
639 4021 945 4116 proditurum'esse
964 4026 1126 4116 originem
1144 4026 1347 4114 reliquarum
1365 4025 1436 4113 epi-

268 4131 428 4196 stolarum
445 4133 609 4215 fictarum,
635 4132 668 4195 in
685 4134 838 4220 genuinis
863 4155 996 4220 quoque
1015 4130 1160 4219 epistolis
1178 4130 1242 4196 boo
1259 4151 1365 4218 genus
1385 4127 1435 4192 di·-

267 4231 364 4315 cendi
383 4231 559 4298 ostendere
576 4242 714 4320 posset?
758 4236 789 4300 0
808 4234 1030 4301 foedissimam
1048 4233 1172 4300 falsarii
1191 4233 1357 4316 astutiam,
1378 4241 1434 4318 qui

267 4335 375 4425 impiis
393 4335 543 4402 manibus
561 4335 706 4424 genuina
720 4359 873 4423 quaeque
887 4339 1040 4404 sordibus
1058 4339 1125 4404 suis
1140 4337 1334 4404 maculavit!
1362 4335 1434 4401 Nos

266 4464 347 4506 vero
364 4441 510 4532 gratiam
527 4439 558 4505 ei
576 4438 699 4504 babere
717 4438 875 4505 debemus
899 4440 989 4528 quod
1012 4441 1121 4508 locum
1148 4442 1293 4528 alioquin
1317 4441 1435 4504 obscu-

268 4567 340 4608 rum
358 4545 476 4610 fraude
493 4566 554 4609 suo
572 4543 784 4632 perspicuum
801 4543 959 4608 reddidit.
993 4545 1088 4610 'Palis
1106 4546 1182 4634 Syri
1200 4542 1348 4610 defensio
1366 4564 1436 4606 ma-

266 4648 333 4737 gis,
360 4671 459 4737 quam
486 4647 595 4713 omnia
623 4669 710 4734 quae
733 4656 849 4713 contra
877 4628 952 4711 edm
970 4644 1111 4736 prolerri
1136 4657 1284 4737 possunt,
1312 4645 1434 4710 Graeci
