3500 5525
871 534 918 605 72

310 773 402 861 quod
419 796 519 862 supra
538 772 717 840 Christiani
743 775 834 840 trem
852 778 933 840 ναοῦ
952 772 1083 861 Πατρδς
1107 772 1273 856 dicuntur,
1293 771 1379 839 ethi
1397 770 1480 859 lapi-

310 875 371 943 des
394 888 481 960 sunt,
508 878 565 965 qui
590 876 739 943 machina
764 887 799 943 et
823 875 904 942 fune
926 876 1107 943 elevantur.
1153 878 1253 943 Hanc
1276 899 1357 942 xero
1375 875 1480 963 ipsam

310 1003 427 1047 vocem
444 984 534 1047 λίθοι
547 983 625 1069 Syr.
639 982 761 1062 omisit,
780 981 827 1046 ita
845 991 883 1046 ut
901 980 990 1068 apud
1009 1002 1083 1047 eum
1102 982 1215 1069 imago
1233 980 1330 1069 plane
1349 980 1392 1044 ait
1409 990 1479 1044 tur-

311 1086 402 1151 bata.
430 1084 487 1150 Sic
504 1085 647 1173 scriptor
663 1106 763 1150 sanus
781 1076 851 1151 rem
868 1106 963 1149 suam
976 1108 1042 1149 non
1056 1086 1165 1172 potuit
1178 1085 1362 1150 instituere.
1397 1082 1479 1149 Exi-

311 1198 383 1253 tum
401 1188 530 1277 capitis,
550 1211 649 1275 quem
666 1192 769 1277 Syrus
784 1188 905 1272 omisit,
920 1212 985 1255 non
1000 1210 1105 1279 aegre
1119 1188 1358 1269 desideramus,
1378 1208 1480 1274 quum

310 1291 387 1357 inde
412 1316 432 1357 a
457 1293 567 1379 capite
592 1291 720 1357 decimo
745 1301 831 1359 nova
861 1314 916 1357 res
949 1292 1132 1380 explicetur
1161 1314 1280 1380 nempe
1311 1289 1479 1377 quomodo

311 1394 492 1461 Christiani
509 1394 660 1461 infideles
676 1395 821 1461 debeant
838 1405 996 1463 tractare.
1474 1458 1476 1465 .

388 1499 464 1563 Jam
488 1522 508 1565 a
531 1500 642 1586 capite
673 1499 801 1565 decimo
826 1499 869 1565 ad
897 1499 1060 1565 decimum
1083 1508 1238 1563 octavum
1264 1500 1368 1587 Syrus
1400 1496 1479 1561 nihil

311 1602 413 1667 habet
430 1602 493 1666 nisi
510 1600 601 1667 locos
618 1627 639 1668 e
651 1626 726 1691 cap.
740 1602 834 1669 xlv.
850 1612 885 1668 et
900 1602 988 1685 XV,
1008 1603 1064 1691 qui
1082 1602 1129 1667 sic
1147 1602 1234 1667 inter
1251 1624 1287 1668 se
1306 1610 1382 1667 sunt
1401 1622 1479 1665 con-

306 1703 432 1793 juncti:
459 1704 644 1793 Postquam
661 1707 804 1795 scriptor
822 1706 917 1790 dixit,
937 1728 1024 1793 quae
1036 1707 1123 1771 ratio
1136 1705 1259 1770 debeat
1271 1704 1479 1771 intercedere

312 1810 399 1875 inter
416 1831 567 1897 paganos
585 1820 620 1875 et
637 1809 834 1875 christianos
851 1811 964 1899 pergit
985 1816 1023 1905 τῇ
1042 1811 1075 1877 δὲ
1094 1810 1252 1895 ἐπιεικείᾳ
1268 1817 1404 1895 μιμηταὶ
1422 1814 1480 1873 τοῦ

310 1918 422 2000 κυρίου
440 1912 676 1997 σπουδάζομεν
694 1916 800 1988 εἶναι,
825 1920 873 1988 τίς
897 1916 1000 1981 πλέον
1018 1910 1168 2007 άδικιγθῇ,
1187 1919 1235 1985 τίς
1252 1909 1479 2004 άποσυορηθῇ,

310 2022 359 2090 τίς
380 2012 550 2109 distairi,-
577 2040 651 2106 cap.
677 2017 770 2083 XIV.
797 2013 856 2098 οὐχ
880 2015 931 2083 δτι
956 2018 1130 2099 ἐπαγγελία
1154 2016 1193 2082 οδ
1220 2016 1324 2097 ἔργον,
1351 2012 1418 2081 ἀλλ’
1443 2016 1480 2080 ἐν

311 2116 447 2201 δυνάμει
464 2125 605 2195 πίστεως
622 2119 683 2187 ἐάν
699 2146 747 2195 τις
771 2118 890 2214 αἱρεθῇ
918 2122 962 2195 εἰς
984 2123 1084 2195 τέλος.
1138 2142 1210 2207 cap.
1229 2118 1305 2185 XV.
1333 2114 1481 2203 ’Ἀμοινόν

311 2222 382 2288 ἐστι
400 2228 533 2288 σιιοπᾶν
549 2231 604 2287 καί
627 2225 725 2302 εἶναι,
752 2221 773 2311 ἢ
795 2226 960 2291 λαλοῦντα
984 2226 1027 2311 μὴ
1051 2225 1147 2303 εἶναι,
1169 2226 1227 2289 ἵνα
1252 2218 1292 2287 δι’
1320 2216 1366 2287 οἷν
1389 2224 1483 2287 λαλεῖ

311 2322 466 2416 πράσσῃ,
490 2334 544 2390 κοιλ
562 2322 603 2391 δι’
622 2321 668 2392 ὧν
691 2334 768 2413 σιγᾷ
786 2322 995 2411 γινιάσκηυαι1
1006 2338 1025 2402 ).
1081 2326 1164 2400 Quis
1183 2334 1234 2391 est
1252 2326 1307 2413 qui
1325 2324 1479 2390 hocloco

312 2428 550 2495 sententiarum
567 2452 688 2495 nexum
710 2430 816 2517 possit
840 2428 1051 2519 intelligere?
1095 2430 1187 2495 Nihil
1212 2438 1309 2495 antea
1336 2426 1378 2496 de
1403 2451 1479 2517 pro-

311 2533 467 2597 missione
492 2534 669 2615 ἐπαγγελία
693 2544 820 2618 exstat,
845 2532 926 2597 nihil
952 2532 994 2599 de
1013 2534 1044 2597 vi
1062 2531 1161 2614 fidei,
1194 2554 1280 2619 quae
1310 2532 1420 2599 omnia
1446 2532 1479 2597 in

311 2658 436 2724 graeca
454 2636 595 2723 epistola
613 2646 691 2724 apte
707 2647 785 2703 sunt
804 2637 923 2724 posita.
978 2636 1066 2702 Nam
1092 2646 1268 2724 postquam
1293 2660 1365 2725 esp.
1385 2636 1477 2701 XIV.

312 2737 438 2804 dictum
456 2749 624 2806 estserae
642 2740 730 2808 vitae
747 2741 944 2830 principium
963 2764 1035 2806 esse
1052 2738 1165 2825 fidem,
1180 2740 1278 2806 finem
1299 2763 1375 2807 vero
1394 2739 1478 2805 cari-

265 2921 269 2928 .
311 2852 427 2924 tatem,
445 2845 617 2932 pergiturz
644 2846 731 2912 sicut
749 2847 849 2911 arhor
866 2870 887 2912 e
904 2844 1055 2935 frugibus
1081 2845 1306 2934 cognoscitur,
1332 2845 1380 2909 sie
1404 2843 1478 2910 etii

311 2946 368 3034 qui
394 2945 574 3013 Christiani
600 2971 674 3014 esse
699 2949 837 3037 polliciti
860 2960 938 3016 sunt
961 2973 1001 3016 ex
1034 2950 1189 3037 operibus
1220 2957 1478 3037 cognoscuntur,

312 3072 399 3138 quae
416 3053 580 3118 sententia
593 3052 706 3118 finitur
719 3054 844 3142 optime
856 3055 967 3119 verbis
981 3050 1019 3120 οδ
1037 3053 1110 3140 γάρ
1129 3054 1321 3135 ἐπαγγελίας
1334 3053 1371 3118 οδ
1386 3052 1480 3136 ἔργον

311 3150 380 3219 ἄλλ’
398 3155 436 3220 ἐν
453 3155 589 3240 δυνάμει
606 3162 748 3232 πίστεως
764 3156 825 3250 ἐάν
841 3163 891 3232 τίς
915 3155 1033 3247 εδρεδῇ
1058 3157 1103 3230 είς
1125 3158 1227 3230 τέλος.
1281 3155 1355 3221 Nec
1373 3155 1478 3219 minus

311 3258 414 3322 verbe
432 3254 569 3341 άμεινάν
585 3260 657 3324 ἐστι
675 3267 808 3325 σιωπᾶν
825 3262 891 3324 κτλ.
911 3259 945 3324 in
959 3257 1098 3346 epistola
1112 3260 1242 3346 syriaca
1261 3259 1479 3347 explicatione

311 3360 498 3425 necessaria
516 3370 629 3450 egent,
649 3385 736 3448 quae
760 3362 794 3426 in
812 3385 936 3451 graeca
962 3361 1097 3427 additur
1114 3363 1223 3427 verbis
1242 3361 1292 3426 his
1316 3365 1417 3430 καλὸν
1441 3363 1479 3428 οδ

310 3459 476 3528 διδάσκειν
492 3465 553 3530 ἐὰν
570 3462 587 3530 δ
605 3467 708 3546 λέγων
728 3471 816 3559 ποιῇ.

387 3566 462 3632 Jam
481 3568 689 3654 pervenimus
708 3566 752 3634 ad
769 3592 842 3658 cap.
867 3569 1137 3652 XVIII-XIX,
1163 3569 1197 3633 in
1215 3569 1333 3656 quibus
1351 3569 1479 3656 gravis-

311 3670 430 3736 simum
446 3671 534 3737 inter
552 3673 673 3760 Syrum
691 3683 727 3739 et
744 3675 914 3740 Graecum
932 3683 983 3739 est
1001 3673 1187 3738 discrimen.
1224 3673 1292 3738 Sed
1311 3671 1401 3759 quod
1419 3672 1479 3736 hu-

310 3797 436 3861 cusque
453 3785 582 3840 textum
598 3799 758 3864 graecum
776 3779 907 3866 syriaco
922 3776 1092 3842 meliorem
1110 3776 1303 3858 invenimus,
1323 3775 1386 3840 hoc
1405 3774 1479 3840 loco

309 3878 452 3966 primum
487 3880 713 3946 recensionem
757 3902 916 3968 graecam
947 3880 1084 3944 seorsim
1120 3879 1337 3967 introspicere
1368 3877 1477 3944 liceat.

311 3981 395 4068 Cap.
415 3980 506 4046 XVI.
531 3981 683 4070 Ignatius
708 3984 843 4070 exponit
868 3981 1023 4048 doctores
1049 3982 1235 4048 haereticos
1258 3983 1292 4047 in
1317 3979 1479 4045 Gehenna

309 4084 442 4172 punitos
460 4083 512 4167 iri,
538 4096 609 4150 tum
627 4109 700 4174 cap.
720 4085 829 4152 XVII.
850 4084 943 4168 dicit,
970 4085 1150 4152 Dominum
1177 4109 1251 4150 earn
1275 4086 1317 4150 ob
1344 4105 1478 4150 causam

308 4197 516 4277 unguentum
534 4189 569 4254 in
586 4199 688 4278 caput
708 4211 803 4254 suum
821 4189 1000 4278 recepisse,
1026 4201 1065 4256 ut
1090 4189 1252 4256 ecclesiae
1275 4189 1413 4276 inspiret
1430 4188 1479 4252 iu-

388 4455 414 4519 ¹)
449 4455 568 4508 Textum
602 4474 619 4510 a
646 4457 738 4525 Lipsio
767 4460 921 4511 restitutum
950 4459 1193 4526 transscripsimus,
1229 4459 1275 4530 qni
1304 4456 1389 4508 verbo
1418 4455 1479 4522 Syri

307 4542 412 4611 Lycos.)
430 4547 486 4605 oh,
514 4559 585 4612 quae
602 4545 630 4596 in
653 4549 731 4598 textu
752 4550 864 4613 recepta
886 4544 1056 4613 respondent
1078 4559 1178 4613 gracco
1202 4535 1235 4594 οδ
1253 4537 1304 4611 γάρ
1327 4538 1480 4608 ἐπαγγελίας

306 4630 345 4682 ito
362 4628 444 4682 solvit
460 4621 510 4696 οὐχ
528 4621 570 4682 δτι
586 4625 734 4698 ἐπαγγελία.
771 4631 879 4684 Temen
898 4637 925 4684 et
943 4631 981 4684 sic
999 4631 1061 4699 Syri
1079 4645 1166 4683 nexus
1184 4645 1240 4684 non
1258 4631 1414 4683 restituitur.
