3500 5525
891 546 939 614 38

813 650 1016 663 ἡ

406 786 482 851 Jam
500 784 563 851 bac
581 785 723 874 epistola
740 786 927 851 examinata
941 794 976 852 et
989 786 1065 875 Syri
1079 795 1232 856 naturam
1250 788 1497 877 perspeximus3

330 889 527 978 gradssima
545 910 633 977 quac
650 888 868 977 cognorimus
887 888 970 955 baec
988 899 1084 957 sunta

407 1027 436 1093 1.
489 1026 600 1095 Vertit
617 1028 722 1116 Syrus
741 1036 905 1115 quatenus
923 1028 995 1093 lieri
1019 1037 1130 1119 potest
1156 1027 1241 1095 κατὰ
1266 1025 1355 1095 πόδα
1378 1028 1499 1094 librum

329 1152 499 1219 graecum.

406 1233 453 1300 Π.
507 1233 618 1299 Verba
635 1254 760 1321 graeca
782 1232 822 1297 iis
847 1232 984 1320 syriacis
1011 1230 1133 1316 reddit,
1158 1234 1277 1321 quibus
1295 1234 1329 1299 in
1346 1234 1499 1300 versione

330 1338 408 1403 novi
426 1335 616 1403 testamenti
634 1335 782 1423 simplice
799 1334 908 1401 solent
926 1334 1033 1403 reddi.

408 1439 471 1505 ΠΙ.
525 1438 593 1504 Ubi
611 1439 714 1504 rerba
732 1448 923 1521 occurrunt,
949 1460 1035 1526 quae
1060 1439 1093 1504 iu
1112 1438 1156 1505 N.
1177 1439 1221 1505 T.
1249 1462 1314 1505 non
1339 1438 1499 1527 leguntur

329 1543 527 1631 plerumque
544 1541 739 1629 scriptorem
757 1543 844 1607 bene
861 1540 1031 1632 intelligit,
1051 1542 1200 1630 quamvis
1217 1552 1259 1609 et·
1270 1544 1312 1609 ab
1331 1542 1498 1609 erroribus

329 1668 394 1710 uon
412 1645 537 1732 ubique
553 1644 597 1709 sit
615 1643 752 1711 alienus.

404 1746 463 1814 lv.
518 1746 628 1815 Vertit
653 1756 782 1819 textum
804 1747 1006 1814 recensionis
1031 1746 1165 1814 minoris
1189 1772 1352 1839 graecae,
1388 1771 1497 1835 aquo

329 1850 526 1917 lectionibus
544 1859 673 1917 tautum
692 1850 889 1938 quibusdam
907 1850 1046 1934 recedit,
1065 1850 1100 1917 id
1114 1850 1203 1941 quod
1218 1875 1283 1917 nou
1302 1862 1353 1918 est
1367 1850 1497 1935 mirum,

329 1977 430 2043 quum
448 1977 548 2042 supra
567 1952 758 2040 uiderimus,
779 1953 850 2044 jam
874 1955 1101 2043 antiquissimo
1125 1964 1275 2043 tempore
1293 1964 1421 2021 textum
1439 1952 1498 2021 ad-

328 2057 464 2123 modum
479 2056 582 2123 fauisse
599 2056 747 2123 dubium.

406 2162 447 2226 V.
492 2160 666 2225 Armenius
684 2170 775 2226 totus
794 2159 838 2227 de
855 2162 942 2249 Syru
960 2160 1096 2249 pendet,
1116 2182 1259 2249 quocum
1276 2160 1328 2227 vel
1346 2160 1380 2225 iu
1398 2161 1498 2225 rebus

329 2262 470 2329 minimis
489 2264 654 2346 convenit,
673 2272 782 2329 tamon
801 2262 984 2329 secuudum
1002 2264 1121 2329 librum
1139 2286 1299 2353 graecum
1318 2272 1369 2329 est
1387 2286 1498 2329 emen-

329 2366 438 2433 datus.

407 2488 504 2561 Quae
523 2485 701 2573 hucusque·
719 2484 860 2551 vidimus
885 2485 1079 2575 insequente
1103 2487 1254 2553 examine
1278 2486 1393 2551 critico
1420 2508 1495 2574 epp.

329 2588 372 2654 ad
385 2589 550 2677 Ephesios
564 2599 598 2654 et
606 2590 778 2655 Romanos
793 2588 947 2654 datarum
962 2588 1061 2654 etiam
1075 2588 1367 2655 confirmabuntur.
1396 2593 1497 2655 Ante-

329 2714 427 2780 quam
445 2701 557 2757 tameu
575 2691 639 2757 boc
657 2714 740 2781 opus
759 2691 988 2781 aggredimur,
1015 2693 1182 2780 inquirere
1201 2691 1332 2784 jurabit
1349 2694 1382 2757 iu
1401 2702 1497 2758 natu-

328 2819 400 2862 ram
417 2795 680 2885 fragmentorum
698 2795 859 2884 epistolae
876 2806 1022 2879 nostrae,
1038 2819 1178 2884 quorum
1192 2806 1324 2863 exstant
1342 2807 1495 2884 quatuor.

328 2898 413 2965 'l'ria
430 2909 564 2988 reperta
582 2909 659 2965 suut
676 2900 709 2964 in
727 2899 809 2964 Msc.
824 2899 1006 2965 Parisieusi
1021 2922 1040 2964 a
1054 2900 1189 2966 Munlrio
1204 2898 1342 2991 (Curet.
1357 2920 1391 2988 p.
1402 2897 1496 2988 342)

329 3002 509 3092 descripto,
530 3010 685 3090 quartum
702 3003 735 3067 in
753 3002 838 3066 libro
856 3001 1061 3068 Londinensi
1081 3002 1218 3092 (Curet.
1237 3028 1270 3094 p.
1293 3000 1387 3093 355)
1406 3001 1497 3090 quod

328 3107 444 3172 Severi
462 3105 658 3172 Antiooheui
677 3128 780 3194 optma
799 3104 964 3192 quaedam
982 3105 1139 3173 continet.

403 3225 645 3314 Fragmentum
670 3226 811 3313 primum
834 3224 911 3290 Pol.
940 3226 975 3306 3,
1008 3225 1124 3292 Curet.
1150 3250 1183 3315 p.
1207 3227 1278 3292 198
1305 3248 1380 3292 cum
1402 3235 1497 3291 textu

327 3339 442 3396 nostro
459 3326 530 3394 fere
547 3329 712 3412 convenit,
731 3338 767 3394 at
779 3352 841 3417 pro
859 3319 973 3424 ΜΖ
995 3327 1097 3394 semel
1115 3328 1248 3394 exhibet
1264 3320 1380 3412 ΒΜ,
1400 3351 1496 3418 prae-

328 3441 421 3499 terea
438 3431 488 3496 bis
506 3430 600 3496 addit
617 3431 814 3520 particulam
832 3451 874 3534 (γ
902 3440 936 3496 et
954 3430 1055 3496 semel
1073 3441 1159 3520 part.
1186 3422 1279 3509 bad.
1335 3430 1435 3505 Quod
1454 3429 1497 3496 ad

326 3525 443 3616 ΒΜ,
467 3533 581 3623 glossa
600 3546 651 3600 est
668 3534 867 3602 vocabulum
886 3532 1028 3600 alienum
1047 3533 1226 3625 explicans,
1245 3557 1311 3600 non
1330 3535 1416 3599 euim
1435 3533 1497 3600 sibi

327 3647 394 3704 stat
416 3639 571 3726 scriptor,
598 3639 785 3726 quistatim
803 3627 1074 3734 pergitlbssglp,
1101 3637 1242 3704 alterum
1259 3658 1301 3741 pq
1326 3636 1497 3729 respoudit

325 3764 450 3830 graeco
469 3743 504 3808 δὲ
522 3765 542 3807 a
560 3743 647 3830 Syro
667 3743 783 3808 Curet.
803 3741 938 3806 omisso.
968 3738 1068 3816 Quod
1082 3763 1161 3806 vero
1180 3740 1224 3808 ad
1243 3741 1385 3808 alterum
1401 3761 1443 3844 pp
1463 3749 1497 3808 et

327 3843 371 3910 ad
387 3836 482 3927 lul,
501 3867 567 3910 nou
587 3854 660 3910 erat
678 3845 779 3910 moris
793 3843 882 3931 apud
896 3843 1044 3908 homiues
1059 3843 1212 3930 antiquos
1230 3844 1321 3910 locos
1341 3841 1496 3910 accurate

326 3945 527 4029 describere,
560 3956 594 4012 et
619 3945 727 4012 codex
750 3970 770 4011 e
788 3969 854 4034 quo
880 3945 963 4010 baec
982 3955 1058 4012 sunt
1076 3945 1240 4031 desumta,
1272 3945 1317 4010 nil
1336 3947 1495 4029 continet,

326 4051 388 4117 nisi
406 4049 636 4117 collectionem
653 4048 803 4115 locorum
821 4072 840 4113 e
858 4048 958 4114 variis
976 4049 1193 4140 scriptoribus
1212 4057 1455 4136 excerptorum.

402 4185 593 4254 Secundum
607 4184 728 4274 fragm.
743 4184 819 4251 Pol.
829 4186 865 4267 6,
884 4185 1002 4250 Curet.
1017 4209 1049 4274 p.
1062 4187 1134 4252 198
1154 4207 1214 4275 pro
1229 4172 1393 4276 xstubi-021
1406 4178 1497 4246 ὣ»

324 4291 425 4357 babet
456 4292 633 4380 nob-2³,
666 4311 765 4377 quam
789 4288 965 4355 lectionem
990 4298 1026 4354 et
1049 4290 1141 4354 Arm.
1165 4297 1217 4356 est
1241 4295 1374 4353 secutus
1400 4279 1496 4372 (vide

323 4390 457 4484 supra),
477 4417 498 4458 e
515 4415 666 4458 connexu
683 4415 763 4458 vero
782 4393 930 4459 cernitur
947 4392 1032 4459 banc
1049 4392 1226 4460 lectionem
1245 4411 1318 4456 esse
1335 4407 1495 4476 respuen-

324 4497 412 4564 dam.
458 4495 612 4562 'I'ertium
630 4493 751 4586 lragm.
778 4497 913 4563 exbibet
936 4495 1046 4562 locum
1063 4519 1138 4584 cap.
1160 4499 1194 4581 7,
1215 4496 1331 4561 Curet.
1352 4515 1385 4581 p.
1407 4490 1495 4572 200,

327 4603 443 4687 1‚27,
469 4623 568 4690 quem
586 4601 663 4691 Syr.
684 4603 800 4668 Curet.
825 4599 946 4667 omisit.
991 4599 1178 4685 Armenius,
1206 4599 1263 4687 qui
1280 4597 1356 4687 Syr.
1377 4595 1494 4662 Curet.
