3500 5525
819 563 865 625 17

741 667 944 677 ——-—.

258 798 379 885 Syrum
405 798 678 881 Curetonianum,
705 809 740 864 et
762 799 825 865 hac
849 823 886 865 re
909 800 985 889 Syri
1008 799 1200 867 defensores
1226 802 1325 869 valde
1347 824 1424 890 pre-

258 910 402 983 muntur,
416 924 518 988 quum
532 903 706 967 Armenius
720 902 880 969 tredecim
895 902 1051 992 epistolas
1067 904 1246 971 contineat.
1275 905 1422 993 Lipsius,

258 1005 314 1090 qui
331 1004 396 1069 hoc
412 1004 595 1091 periculum
614 1005 685 1071 vult
703 1007 840 1089 exitere,
867 1006 1034 1094 duplicem
1060 1006 1235 1096 distinguit
1260 1010 1425 1098 syriacam

256 1108 495 1191 recensionem,
513 1130 654 1194 quarum
673 1108 778 1174 altera
796 1110 830 1175 in
847 1110 1017 1177 codicibus
1031 1110 1298 1177 Londinensibus
1317 1113 1424 1180 altera

256 1210 290 1275 iu
308 1209 503 1299 fragmentis
522 1234 541 1277 a
561 1213 730 1277 Curetono
752 1213 901 1280 collectis
919 1214 1009 1293 insit,
1034 1224 1069 1279 et
1087 1212 1170 1280 haee
1194 1214 1328 1302 quidem
1346 1238 1424 1281 con-

256 1313 344 1380 fecta
363 1324 415 1380 est
432 1339 452 1380 e
465 1316 551 1403 Syro
567 1316 793 1381 (iuretoniano
813 1316 968 1382 adhibitis
982 1317 1075 1383 libris
1089 1318 1232 1405 graecis.
1262 1318 1424 1384 Nostrum

257 1419 362 1507 igitur
379 1419 443 1484 erit
459 1442 635 1506 quaerere,
660 1442 739 1484 uum
756 1442 817 1485 suo
831 1418 909 1508 jure
930 1420 1065 1509 Lipsius
1085 1420 1251 1508 duplicem
1270 1421 1354 1487 hanc
1371 1444 1424 1489 re-

256 1522 446 1588 censionem
463 1523 627 1611 syriacam
645 1522 842 1589 distinxerit.
881 1524 1028 1591 Alteram
1047 1524 1080 1589 in
1098 1522 1293 1613 fragmentis
1311 1548 1424 1591 serra-

257 1635 326 1691 tam
344 1626 531 1691 armeniace
549 1649 623 1692 esse
646 1649 776 1692 versam
800 1626 923 1693 deindo
946 1627 1110 1709 concedit,
1137 1629 1256 1717 Syrum
1282 1630 1425 1695 Coreto-

257 1730 390 1794 nianum
409 1752 489 1795 vero
506 1739 633 1795 textum
654 1730 849 1819 originalem
875 1730 1033 1797 exhibere
1060 1730 1241 1815 contendit,
1266 1732 1315 1797 sic
1339 1734 1425 1797 enim
1523 1768 1530 1779 ·

258 1833 403 1898 Armenii
427 1832 661 1914 testimouium,
687 1832 869 1899 secundum
892 1833 983 1921 quod
1008 1836 1112 1921 Syrus
1136 1834 1297 1900 tredecim
1321 1836 1425 1900 conti·

257 1935 369 2001 nuisse
386 1935 488 2003 debet
504 1936 662 2024 epistolas
681 1937 797 2002 evasit.
888 2014 893 2031 .

336 2040 452 2105 Tener
469 2040 765 2128 argumentationis
783 2038 837 2103 hic
854 2048 922 2103 est:
949 2037 978 2102 I.
997 2038 1163 2103 Recensio
1177 2060 1301 2127 graeca
1319 2039 1427 2105 minor

258 2138 391 2231 (graec.
417 2140 462 2232 A)
479 2143 618 2207 Eusebii
635 2153 787 2229 tempore
804 2150 885 2207 nota
902 2140 1050 2228 quidem,
1075 2140 1134 2207 sed
1161 2164 1226 2207 non
1252 2141 1426 2232 divulgato

257 2243 331 2327 luit,
362 2245 397 2311 id
429 2244 518 2332 quod
537 2244 745 2310 Theodoreti
776 2244 909 2311 demum
934 2253 1045 2311 aetate
1077 2242 1277 2311 estfactum
1303 2270 1336 2333 p.
1359 2248 1424 2327 263

257 2348 303 2412 Π.
322 2347 457 2436 Duplex
476 2357 585 2413 exstat
602 2349 750 2414 recensio
775 2349 923 2436 syriaca3
950 2348 1056 2413 minor
1080 2345 1205 2437 (Syrus
1224 2348 1422 2415 Curetouia-

257 2453 350 2539 uus),
377 2473 465 2538 quae
488 2451 623 2517 saeculo
641 2461 761 2537 quarto
779 2460 962 2532 notuerat,
991 2448 1096 2539 major
1121 2450 1335 2540 (fragmentis
1354 2474 1423 2519 ser-

257 2554 367 2636 vata),
393 2576 480 2640 quae
504 2564 655 2642 tempore
679 2554 858 2621 haereseos
883 2554 1165 2643 monophysitieae
1182 2576 1246 2620 usu
1263 2554 1365 2638 venit,
1391 2580 1423 2643 p.

258 2660 327 2737 463
366 2657 430 2723 111.
456 2656 556 2723 Duae
580 2658 692 2723 variae
717 2668 828 2723 textus
855 2656 982 2723 formae
1000 2668 1077 2723 sunt
1095 2656 1350 2748 (Tertiamilien
1368 2682 1425 2725 eas

258 2762 405 2850 appellat
421 2758 594 2851 Lipsius),
619 2785 761 2850 quarum
787 2763 893 2828 altera
917 2763 1101 2828 recensioni
1132 2785 1276 2850 graecae
1309 2765 1426 2830 minori

257 2864 392 2954 (graec.
413 2863 462 2954 Α)
486 2863 630 2955 inest'),
663 2865 770 2931 ultera
797 2866 982 2932 recensioni
1006 2866 1150 2954 longiori
1181 2864 1313 2954 (graec.
1335 2863 1426 2958 ΒΥ)

258 2992 291 3054 p.
313 2970 379 3047 823
405 2969 465 3034 IV.
484 2968 603 3034 Versio
627 2969 815 3034 armeniaca
837 2978 966 3033 textum
985 2991 1026 3032 ex
1045 2969 1203 3034 ambabus
1222 2970 1352 3057 graecis
1371 2993 1424 3036 re-

259 3070 467 3135 censionibus
484 3071 616 3136 mistum
634 3071 747 3152 habet,
766 3071 961 3159 plerumque
980 3094 1058 3136 vero
1073 3080 1200 3136 textum
1218 3077 1245 3136 Α
1262 3073 1425 3159 sequitur,

259 3195 292 3260 p.
315 3174 400 3255 103,
424 3174 509 3255 loe,
532 3176 617 3255 110,
639 3177 730 3255 1123
763 3175 804 3242 V.
832 3177 937 3263 Syrus
964 3172 1249 3265 (Curetonianus)
1276 3175 1319 3240 ed
1345 3197 1426 3241 neu-

259 3285 344 3340 tram
362 3275 520 3342 familiam
537 3278 692 3364 pertinet,
712 3287 747 3344 et
764 3289 893 3344 textum
911 3278 1012 3344 habet
1030 3279 1360 3366 praestantissimum,
1390 3305 1423 3366 p.

262 3380 352 3460 1363
379 3379 437 3446 VI.
458 3381 627 3454 Quantum
645 3393 784 3470 propter
800 3381 937 3471 linguae
954 3381 1099 3448 indolem
1125 3383 1197 3446 fieri
1216 3382 1336 3468 potuit,
1364 3383 1427 3469 Sy-

257 3505 315 3547 rus
327 3484 465 3548 verbum
478 3485 580 3550 verbo
595 3486 781 3572 exprimens
795 3495 922 3551 textum
936 3507 1096 3574 graecum
1111 3484 1267 3566 reddidit,
1288 3507 1320 3570 p.
1334 3485 1403 3548 147
1417 3505 1444 3565 ;.

257 3586 331 3652 VH.
353 3586 517 3652 Concedit
534 3587 669 3674 Lipsius
687 3589 877 3653 Armenium
896 3599 1025 3654 textum
1042 3588 1198 3652 hahuisse
1218 3588 1303 3674 Syro
1319 3586 1426 3652 Cure-

234 3760 236 3763 ,
257 3690 392 3755 touiano
411 3689 550 3754 similem
563 3714 596 3776 p.
609 3692 694 3770 152,
713 3689 830 3755 habuit
847 3714 927 3756 vero
941 3702 975 3755 et
989 3693 1111 3778 Syrum
1125 3689 1267 3754 alterum
1286 3688 1348 3780 (cl.
1359 3689 1426 3779 II).

258 3794 379 3881 Syrum
394 3793 656 3857 Curetouianum
669 3791 786 3857 babuit
799 3793 980 3858 secundum
996 3793 1097 3857 libros
1111 3815 1264 3881 graecos,
1286 3815 1428 3880 quorum

257 3905 368 3962 textus
387 3919 428 3962 ex
447 3899 477 3961 Α
495 3906 530 3962 et
549 3898 578 3962 B
596 3905 669 3962 erat
687 3895 815 3979 mistus,
833 3918 934 3984 saepe
953 3905 1128 3977 mutatum,
1147 3921 1180 3984 p.
1200 3899 1292 3976 1563
1320 3896 1360 3961 iis
1377 3895 1427 3960 lo-

257 3999 316 4084 cis,
335 4000 392 4087 qui
410 4001 496 4089 Syro
515 3999 742 4074 Curetoniano
760 3999 892 4082 desunt,
917 4009 1050 4064 secutus
1070 4010 1121 4065 est
1138 3999 1299 4065 seriorem
1316 4009 1429 4066 textus

256 4104 495 4187 recensionem,
513 4113 548 4170 et
565 4103 699 4191 quidem
724 4127 809 4188 eam,
836 4102 1019 4169 secundum
1045 4126 1143 4191 quam
1171 4113 1205 4168 et
1231 4125 1293 4168 eae
1317 4113 1430 4190 partes

332 4303 358 4368 ¹)
376 4303 400 4356 E
417 4301 539 4370 patribus
557 4306 663 4354 textum
680 4304 702 4353 A
720 4301 816 4354 habuit
833 4301 1036 4372 Theodoretus,
1053 4300 1327 4368 Pseudoathanssius‚
1346 4301 1426 4356 Gele-

257 4391 320 4458 sius,
337 4390 435 4458 srogm.
453 4390 560 4456 syriaco
576 4388 701 4440 IX-XII
724 4387 815 4445 Curet.

330 4475 358 4536 ’)
376 4475 496 4527 Toxtum
513 4475 536 4526 B
557 4473 691 4527 exhibent
700 4475 982 4544 irenaeus,Eusebius
996 4478 1044 4543 (t),
1062 4475 1204 4544 MaximuS,
1222 4475 1284 4528 Joh.
1298 4475 1422 4532 Damaso.

259 4558 395 4612 Antonius
412 4561 522 4614 Melissa
545 4562 604 4629 (qui
623 4563 683 4630 jam
701 4564 804 4615 oumA
826 4575 910 4630 saepe
934 4561 1112 4628 conveniunt)
1136 4560 1254 4629 denique
1277 4560 1430 4614 Antiochus

259 4643 417 4698 Monachus.

1201 4757 1222 4820 2
