3500 5525
891 552 936 616 16

811 661 1015 670 ·—--—-

330 793 519 860 dubitamus
538 791 692 858 ascribis
714 791 839 881 Ignmii
862 791 970 857 verbis
997 814 1069 857 esse
1094 790 1238 857 additos.
1293 790 1393 865 Quod
1419 813 1497 857 vero

330 896 411 963 dicit
428 919 544 962 rocem
562 892 784 970 ἀδιαλείπτοις
799 894 875 961 Pol.
894 896 915 961 3
936 918 1009 960 esse
1023 894 1176 961 omissam
1194 918 1259 959 non
1274 893 1496 975 concedimus,

329 1023 405 1066 nam
423 1000 525 1065 verbo
548 990 637 1099 pli!
661 1000 758 1063 ambo
776 999 878 1065 verba
905 996 1128 1074 ἀδιαλείπτοις
1145 996 1283 1080 σχόλαζε
1309 999 1498 1086 exprimun-

329 1149 396 1205 tur.
437 1134 662 1210 Ἀὀιάλειπτας
682 1134 815 1223 quidem
834 1135 977 1201 vertitur
994 1136 1027 1200 in
1045 1134 1165 1200 Pesclr.
1185 1107 1237 1213 ll:
1255 1100 1395 1212 illlum.
1418 1136 1453 1216 9,
1475 1136 1496 1199 2

330 1287 365 1343 et
387 1270 604 1349 ἆόιαλείπτως
627 1244 712 1353 idid.
729 1240 766 1359 ll!
791 1273 890 1338 Rom.
916 1274 1011 1353 1,9;
1037 1272 1185 1339 l'I'hess.
1211 1275 1243 1355 l,
1264 1273 1304 1352 3;
1325 1274 1359 1357 5,
1384 1275 1426 1337 17
1449 1282 1498 1337 ta-

331 1436 406 1478 men
423 1412 549 1500 legitur
567 1421 602 1476 et
619 1374 778 1489 &wi
792 1409 911 1476 Thess.
934 1412 969 1493 2,
993 1412 1057 1490 133
1078 1410 1199 1475 2'llim.
1223 1412 1255 1474 l.
1277 1410 1311 1475 3.
1338 1411 1413 1497 Syr.
1434 1409 1495 1498 igi-

330 1528 386 1582 tur
402 1537 464 1603 pro
489 1505 614 1592 ntus!
631 1511 697 1634 A,
720 1512 894 1602 eleganter
911 1514 1022 1601 posuit
1047 1504 1136 1614 pli!
1159 1505 1299 1633 liulf.
1353 1510 1421 1579 Sed
1439 1534 1497 1577 no·

331 1620 440 1684 lumus
457 1617 508 1682 his
527 1618 561 1681 in
584 1618 685 1682 rebus
703 1616 854 1699 haerere,
879 1639 1010 1705 semper
1034 1618 1120 1683 enim
1145 1640 1187 1683 eo
1211 1615 1497 1681 reditGuretonus

331 1733 371 1789 ut
387 1719 568 1788 contendat
585 1742 702 1786 causas
719 1743 785 1785 non
803 1743 902 1808 posse
921 1721 1117 1809 excogitari,
1138 1742 1197 1785 cur
1216 1721 1319 1809 Syrus
1337 1728 1390 1785 tot
1407 1718 1497 1784 locos

331 1826 492 1906 omiserit,
510 1824 545 1889 id
563 1823 653 1911 quod
670 1846 731 1889 nos
750 1834 784 1889 et
801 1834 918 1889 contra
937 1846 1012 1889 eum
1031 1846 1205 1911 possumus
1228 1832 1372 1905 vertere,
1391 1844 1498 1909 neque

332 1930 417 1995 enim
435 1938 546 2017 potest
564 1950 665 1992 causa
684 1927 807 2010 afferri,
822 1950 882 1991 cnr
897 1929 1047 1993 Graecus
1064 1937 1192 1993 textum
1211 1926 1406 2015 originalem
1425 1948 1498 1991 cor-

332 2032 471 2121 ruperit.
500 2029 600 2104 Quod
619 2053 697 2097 vero
717 2030 798 2096 dicit
815 2054 847 2119 p.
863 2018 979 2112 XLII,
1004 2030 1063 2096 has
1082 2029 1251 2119 epistolas,
1271 2030 1298 2094 si
1317 2038 1427 2097 textus
1445 2052 1498 2118 sy-

333 2136 443 2201 riacus
466 2157 532 2199 non
557 2144 645 2199 esset
669 2133 851 2223 originalis,
874 2134 1007 2199 unicum
1032 2157 1105 2199 esse
1130 2132 1315 2221 exemplum
1340 2132 1499 2198 librorum

334 2238 596 2318 decurtatorum,
615 2260 715 2323 quum
732 2237 865 2325 plurimi
883 2238 948 2303 siut
971 2235 1160 2326 interpolati
1185 2246 1219 2302 et
1241 2236 1310 2302 ficti
1334 2247 1412 2301 ante
1428 2236 1499 2301 Eu·

334 2342 416 2407 sebii
433 2351 563 2428 tempus
581 2363 646 2405 non
672 2350 748 2405 stat.
795 2340 883 2405 Nam
907 2342 1055 2406 recensio
1081 2350 1194 2406 nostra
1219 2340 1348 2428 syriaca
1373 2350 1500 2427 etpost

333 2444 517 2511 Eusebium
536 2452 738 2531 potestesse
756 2444 950 2531 composita,
969 2466 1078 2531 neque
1092 2443 1263 2531 hucusque
1281 2452 1421 2525 constat,
1441 2466 1498 2507 co-

334 2548 461 2614 dicibus
475 2546 742 2612 Londinensibus
761 2544 820 2611 has
839 2547 984 2633 syriacas
1004 2546 1160 2634 epistolas
1180 2546 1333 2636 originali
1351 2544 1497 2611 exhiberi

333 2650 458 2730 lorma;
484 2652 551 2715 imo
569 2648 654 2715 infra
671 2659 821 2715 nostrum
839 2650 903 2715 erit
929 2672 1102 2737 quaerere,
1127 2674 1206 2715 num
1231 2649 1371 2727 fortasse
1388 2647 1496 2713 versio

335 2754 465 2843 syriaca
489 2777 603 2820 omues
634 2764 761 2842 septem
788 2752 945 2842 epistolas
972 2754 1015 2820 sit
1039 2754 1201 2844 amplexa,
1235 2779 1254 2820 e
1286 2777 1351 2841 qua
1382 2752 1499 2842 Syrus,

333 2881 433 2947 quem
456 2857 569 2924 dicere
591 2856 691 2923 liceat
714 2858 986 2942 Curetonianum,
1015 2857 1106 2924 locos
1130 2868 1259 2924 tantum
1284 2857 1498 2945 excerpserit,

334 2961 369 3028 id
386 2959 477 3049 quod
494 2983 560 3026 non
578 2970 705 3026 temere
723 2961 933 3026 constituisse
958 2963 1052 3028 nobis
1077 2961 1238 3028 videmur.
1292 2959 1380 3050 Pag.
1399 2958 1500 3025 XLII

332 3065 489 3152 Denique
514 3064 704 3130 Curetonus
727 3064 915 3147 contendit,
940 3066 1162 3130 recensionem
1188 3065 1368 3154 syriacam,
1400 3085 1499 3151 quam

332 3169 381 3233 vis
399 3167 541 3255 plurima
560 3169 778 3249 omittentem,
804 3177 995 3233 contextum
1020 3190 1085 3233 non
1110 3168 1217 3234 solum
1241 3191 1308 3232 non
1331 3188 1498 3254 rumpere,

333 3293 449 3336 verum
466 3270 567 3334 etiam
585 3270 784 3335 strictiorem
801 3269 955 3337 reddere.
998 3269 1109 3358 Hujus
1128 3272 1315 3360 argumenti
1333 3270 1393 3354 vis,
1413 3291 1499 3357 quac

332 3373 464 3440 videtur
483 3373 636 3453 maxima,
656 3396 696 3438 ea
715 3373 758 3438 de
776 3397 875 3439 causa
894 3372 991 3438 valde
1009 3373 1178 3457 minuitur,
1203 3373 1294 3461 quod
1317 3383 1351 3439 et
1376 3374 1415 3457 is,
1442 3372 1499 3460 qui

333 3478 453 3542 librum
471 3477 629 3564 excerpit,
649 3475 684 3541 id
702 3477 762 3542 tali
780 3476 880 3543 modo
898 3475 1009 3560 faciet,
1028 3486 1066 3541 ut
1084 3499 1234 3542 connexu
1251 3500 1318 3542 non
1335 3487 1434 3564 rupto
1448 3487 1498 3541 to-

207 3593 211 3598 ’
333 3604 396 3646 nor
412 3579 582 3668 scriptoris
601 3591 771 3668 appareat.
818 3581 890 3645 Nos
910 3601 988 3646 vero
1013 3603 1121 3667 neque
1147 3581 1180 3644 in
1205 3580 1367 3646 Curctoui
1391 3579 1499 3644 verbis

333 3683 584 3772 acquiescimus,
603 3683 667 3749 hac
685 3681 727 3748 de
745 3705 782 3748 re
800 3706 879 3748 vero
893 3683 1002 3772 capite
1012 3683 1128 3748 ultimo
1142 3685 1236 3750 nobis
1255 3694 1306 3749 est
1319 3682 1499 3772 agendum,

332 3789 389 3854 ubi
407 3787 451 3854 de
467 3796 626 3853 contextu
644 3787 720 3875 Syri
737 3787 875 3852 seorsim
894 3809 1042 3876 agemus.

411 3892 478 3966 Qui
494 3900 571 3980 post
591 3892 797 3956 Curetonum
815 3885 978 3978 Syrum¹)
1005 3887 1153 3955 defendit
1177 3911 1312 3977 prorsus
1331 3888 1429 3954 aliam
1448 3910 1499 3952 se-

333 4003 430 4060 cutus
448 4005 500 4060 est
516 3994 690 4074 rationem,
717 3991 751 4056 id
769 3992 856 4057 enim
882 3993 965 4080 agit,
990 4002 1028 4056 ut
1047 3994 1168 4080 Syrum
1186 3977 1335 4057 omnium*
1349 4001 1501 4057 textuum

333 4097 595 4184 antiquissimum
613 4095 770 4162 exhibere
792 4093 1007 4160 demonstret.
1052 4092 1136 4182 Ejus
1161 4096 1248 4160 viam
1272 4105 1310 4158 ut
1334 4091 1500 4178 intelliga-

333 4223 405 4266 mus
422 4199 487 4266 hoc
503 4201 599 4265 nobis
617 4210 668 4266 est
692 4197 887 4264 notandum.
927 4198 1170 4264 Petermannus
1195 4197 1229 4262 in
1245 4191 1500 4283 Prolegomenis

333 4303 376 4369 ad
399 4326 492 4368 suam
516 4326 591 4391 epp.
618 4301 707 4390 lgnt.
736 4300 915 4367 editionem
939 4300 1121 4383 contendit,
1146 4299 1336 4366 Armenium
1361 4294 1501 4359 vertisse

407 4552 433 4616 ¹)
451 4551 556 4619 Lipsius
573 4553 601 4602 in
618 4549 690 4602 libro
708 4548 791 4616 laud,
815 4549 907 4603 Ueber
933 4550 981 4603 des
999 4549 1168 4602 Verbaltniss
1187 4549 1235 4602 des
1254 4548 1356 4600 Textes
1376 4544 1425 4597 der
1443 4543 1502 4596 drei

332 4655 386 4705 syr.
404 4637 497 4689 Briele
515 4635 564 4689 des
581 4636 652 4704 Igut.
671 4640 721 4689 etc.
