3500 5525
893 568 942 633 64

408 809 492 897 Cap.
504 808 535 876 V
549 808 671 874 etVlti
689 830 767 897 pars
785 833 805 875 e
822 809 1098 875 rersioneSever.
1114 808 1239 898 legitur
1254 808 1500 898 apud'l'imoth.

330 910 465 977 Alexdr.
485 912 601 978 Curet.
621 937 653 1001 p.
666 914 752 996 210,
772 911 794 978 Ι.
808 915 853 977 15
874 936 961 999 quae
980 914 1021 977 ab
1041 912 1197 978 Armenio
1216 912 1355 979 recedit.
1389 913 1501 979 Verba

329 1014 578 1102 μετανοῆσωσιν
602 1018 647 1091 εἷς
670 1017 709 1082 τὸ
733 1015 847 1090 πάθος
876 1017 968 1081 Arm.
1001 1016 1102 1081 vertit
1133 1014 1272 1081 credant
1301 1016 1500 1105 passionem.

332 1118 420 1185 Tim.
440 1128 556 1185 contra
574 1110 635 1198 le..
652 1115 720 1185 leh
737 1119 851 1218 <212
869 1111 977 1218 inp..

409 1256 493 1345 Cap.
514 1256 588 1322 Vlti
607 1255 829 1345 fragmentum
849 1281 881 1345 p.
900 1257 986 1340 219,
1006 1256 1028 1321 l.
1047 1258 1068 1320 2
1089 1278 1163 1321 cum
1183 1254 1362 1322 Timotheo
1382 1281 1502 1323 conve-

331 1360 391 1440 nit,
411 1360 473 1425 etsi
491 1383 552 1449 pro
574 1351 685 1445 ΙοὺΧῃ
703 1351 827 1446 lunt
846 1378 952 1457 emp
977 1360 1092 1425 scribit
1114 1351 1209 1445 lohbp
1228 1350 1351 1439 Lm.
1397 1360 1502 1426 Deni-

332 1486 397 1550 que
415 1464 515 1528 verha
534 1463 571 1528 τό
590 1465 650 1548 γὰρ
668 1463 747 1529 ὅλον
764 1470 874 1538 πίστις
892 1464 982 1529 Arm.
1002 1462 1132 1529 reddit:
1165 1460 1269 1528 Fides
1288 1472 1322 1527 et
1340 1486 1433 1529 amor
1451 1474 1502 1531 est
1628 1538 1631 1545 ,

331 1566 502 1656 plenitudo
522 1566 638 1651 omnis,
658 1565 806 1632 Timoth.
828 1576 940 1633 autem
962 1557 1115 1646 limos
1133 1556 1240 1643 opbsl
1263 1563 1327 1643 hb>
1352 1558 1499 1679 &lyon

412 1703 568 1793 Cupitum
586 1702 679 1769 VIII.
700 1713 734 1770 et
750 1704 813 1769 IX.
832 1684 953 1793 fragm.
975 1704 1091 1770 Curet.
1111 1727 1144 1792 p.
1166 1704 1249 1786 199,
1269 1702 1291 1769 l.
1309 1706 1356 1769 22
1377 1728 1396 1769 e
1414 1707 1500 1793 Syro

332 1809 449 1874 Curet.
474 1817 527 1873 est
550 1806 738 1873 desumtum
758 1808 872 1895 itaque
896 1830 971 1873 oum
998 1808 1088 1875 Arm.
1115 1806 1278 1875 convenit.
1326 1808 1382 1873 Sic
1407 1832 1436 1875 e.
1462 1832 1499 1899 g.

331 1909 389 1981 οὖν
406 1910 480 1991 ἐξόν
495 1912 567 1978 ἐστι
585 1912 675 1977 Arm.
695 1910 824 1977 reddit:
852 1911 931 1977 Non
946 1920 996 1977 est
1009 1920 1168 1999 potestas,
1184 1912 1259 1999 Syr.
1279 1902 1399 2006 lapion
1417 1909 1500 1998 ἰὼ

330 2023 428 2100 χωρὶς
444 2012 627 2081 ἐπισκόπου
644 2005 793 2094 lmzl
810 2032 850 2115 ῳ
867 2012 940 2092 Ab>
958 2024 997 2079 ut
1014 2015 1047 2079 in
1065 2012 1163 2104 lrgm.
1183 2013 1294 2080 Phild.
1313 2018 1347 2097 7,
1367 2039 1399 2102 p.
1415 2016 1499 2101 199,

331 2119 355 2185 l.
379 2120 443 2198 153
470 2113 602 2202 circinos
624 2127 733 2184 ποιεῖν
757 2119 847 2183 Arm.
875 2119 1059 2205 requietem
1083 2116 1204 2185 facere.
1250 2119 1325 2183 Jam
1350 2118 1496 2185 Peterm.

333 2222 390 2309 qui
408 2220 472 2285 hoc
488 2218 609 2310 fragm.
629 2244 694 2285 non
708 2220 836 2306 habuit,
851 2222 980 2311 syriace
993 2213 1106 2301 110...]
1120 2222 1278 2310 scriptum
1291 2220 1402 2306 fuisse,
1421 2244 1500 2288 eon-

328 2324 460 2414 jecerat
476 2322 612 2389 laudato
636 2322 710 2389 loco
728 2323 831 2389 Judd.
854 2327 914 2408 lt,
938 2327 996 2408 12,
1024 2325 1058 2390 id
1083 2324 1174 2413 quod
1197 2323 1386 2414 fragmento
1411 2349 1500 2391 com-

332 2430 504 2519 probatur.
533 2426 807 2521 dorendorp-Arm.
824 2427 1011 2517 explorabit
1020 2430 1094 2517 Syr.
1110 2420 1183 2508 ln:
1198 2426 1239 2495 cl.
1254 2428 1376 2494 Pesch.
1391 2430 1499 2495 Hebr.

334 2522 425 2614 3,'9‚
446 2530 522 2597 Gal.
545 2532 579 2613 6,
600 2532 634 2597 4.
675 2526 832 2617 Ἀσφαλές
856 2539 909 2595 καῖ
934 2536 1066 2615 βέβαιον
1089 2533 1180 2598 Arm.
1200 2542 1238 2597 ut
1256 2532 1315 2597 fiat
1332 2554 1448 2597 verum
1466 2542 1500 2599 et

332 2635 348 2700 1
352 2634 422 2700 ide
440 2634 610 2723 dignum
629 2634 730 2700 vertit
748 2657 814 2724 syr.
834 2651 988 2734 <mom
1002 2653 1095 2716 μμ,
1111 2634 1254 2723 denique
1268 2632 1285 2702 ὃ
1300 2634 1412 2719 λάθρα
1431 2638 1500 2701 ἐπι-

333 2736 459 2806 σκόπου
477 2765 509 2804 τι
528 2736 690 2826 πράσσων
706 2738 798 2804 Arm.
818 2739 875 2826 qui
894 2749 1052 2827 operatur
1070 2738 1195 2828 aliquid
1213 2748 1248 2806 et
1266 2739 1439 2806 abscondit
1457 2740 1498 2806 ab

330 2843 490 2933 episcopo
507 2843 603 2932 Syn:
634 2833 816 2922 liam-el
832 2860 873 2943 ρ
889 2834 1020 2922 immo
1033 2857 1108 2942 pp
1124 2861 1216 2930 my
1234 2864 1276 2948 (ρ
1303 2835 1369 2922 Ν.

411 2963 584 3029 Habemus
602 2962 706 3052 igitur
724 2985 765 3028 ex
783 2963 846 3029 hac
864 2963 1003 3052 epistola
1029 2965 1061 3030 in
1087 2965 1238 3031 versione
1257 2965 1332 3053 Syri
1358 2965 1500 3030 Cureto-

333 3067 421 3133 niani
439 3091 512 3154 cap.
534 3069 569 3150 4,
590 3068 702 3134 8-9.

329 3217 333 3224 ·
411 3189 468 3254 Sic
490 3188 597 3276 igitur
619 3188 727 3253 versio
747 3187 822 3276 Syri
841 3189 958 3254 Curet.
986 3211 1051 3253 non
1075 3199 1143 3255 tres
1168 3199 1298 3255 tantum
1316 3209 1429 3254 verum
1447 3211 1499 3254 se-

333 3302 422 3381 ptem
443 3291 599 3380 epistolas
617 3291 790 3374 continuit,
816 3293 899 3378 quas
917 3291 1084 3357 Eusebius
1102 3303 1285 3377 enumerat,
1313 3303 1347 3358 et
1365 3315 1500 3380 compo-

268 3413 271 3418 ·
333 3397 397 3461 sita
414 3395 547 3460 videtur
571 3393 654 3460 haec
677 3395 786 3460 versio
808 3392 880 3483 jam
906 3404 983 3460 ante
1001 3395 1139 3461 Eusebii
1163 3406 1326 3484 tempora.
1380 3397 1499 3462 Versio

333 3500 420 3565 enim
444 3498 636 3581 Severiana,
663 3520 748 3586 quae
773 3521 875 3586 quum
902 3499 1008 3587 magis
1032 3499 1065 3563 in
1084 3499 1191 3564 verbis
1209 3499 1349 3565 haerens
1368 3499 1499 3588 singula

332 3626 486 3692 quaeque
511 3603 697 3670 accuratius
722 3601 852 3686 reddat,
881 3602 1033 3668 versione
1059 3602 1135 3691 Syri
1154 3603 1269 3670 Curet.
1297 3603 1429 3672 videtur
1447 3626 1500 3669 re-

333 3708 472 3790 centior,
490 3706 524 3771 in
541 3705 616 3776 loco
634 3705 721 3795 Eph.
745 3709 777 3772 7.
821 3706 937 3772 Curet.
958 3730 990 3794 p.
1013 3708 1099 3789 218,
1119 3705 1140 3772 l.
1164 3709 1223 3792 11,
1243 3708 1300 3786 ubi
1317 3717 1428 3774 textus
1447 3729 1500 3773 re-

332 3822 449 3902 ceptus
468 3820 503 3877 et
520 3807 718 3876 Athanasius
737 3809 853 3877 Curet.
874 3833 907 3896 p.
932 3811 1002 3875 164
1030 3809 1153 3876 habent
1171 3813 1320 3896 γεννητὸς
1336 3820 1390 3878 καὶ
1410 3808 1500 3894 ἇγέν·

333 3940 427 4001 νηνσς
451 3914 565 3980 scribit
586 3905 684 4011 lm
701 3909 747 3989 llo
764 3902 862 3990 lm
889 3911 978 3999 quod
1003 3921 1038 3977 et
1062 3913 1216 3978 Gelasius
1235 3914 1350 3979 Curet.
1371 3939 1403 4002 p.
1428 3914 1499 3980 173

333 4019 488 4106 exprimit
505 4015 611 4082 factus
630 4026 665 4080 et
681 4035 747 4079 non
765 4013 884 4078 factus.
913 4015 1010 4078 Haec
1028 4014 1127 4083 lectio
1146 4018 1298 4100 (ποιητὸς
1315 4025 1368 4082 καὶ
1387 4013 1425 4082 ori
1443 4043 1502 4082 ποι

333 4124 420 4207 mdc)
444 4120 539 4190 nobis
557 4117 728 4212 originariis
751 4115 895 4198 videtur,
922 4116 1011 4203 quod
1030 4130 1107 4207 post
1124 4119 1298 4186 concilium
1316 4119 1502 4186 Nicaenum

332 4224 431 4291 facile
448 4224 532 4290 haee
549 4222 679 4312 phrasis
697 4211 860 4285 haeresim
877 4219 1032 4288 redolens
1057 4223 1090 4288 in
1114 4222 1336 4290 orthodoxam
1353 4222 1501 4310 potuerit

332 4329 465 4410 mutari,
491 4349 558 4393 non
582 4335 695 4392 autem
712 4323 784 4388 vice
801 4345 909 4390 versa.
957 4326 1084 4400 Quodsi
1108 4349 1188 4392 vero
1214 4326 1298 4392 haec
1321 4323 1448 4415 phrasis
1467 4321 1501 4386 in

332 4430 485 4496 versione
511 4431 626 4496 Sever.
653 4429 778 4494 intaeta
808 4439 860 4494 est
884 4427 1001 4496 relicta
1032 4453 1097 4498 non
1121 4430 1191 4496 sine
1217 4429 1327 4517 speeie
1352 4425 1501 4492 veritatis
1565 4443 1570 4450 ·

333 4534 488 4602 constitui
501 4542 624 4622 potest,
636 4533 721 4600 hano
734 4532 920 4598 versionem
934 4544 1011 4602 ante
1024 4534 1221 4600 Arianorum
1235 4544 1387 4621 tempora
1400 4528 1502 4596 fuisse

332 4639 566 4729 compositam3
594 4637 659 4705 hoo
676 4660 755 4705 vero
780 4636 809 4702 si
833 4648 926 4704 recte
944 4661 980 4706 se
998 4638 1109 4722 hahet,
1135 4638 1244 4705 versio
1264 4637 1380 4704 Curet.
1402 4635 1502 4702 etiam
