3500 5525
822 526 871 592 75

749 631 947 643 —n—-u-

260 736 498 887 ptius
522 741 584 849 »οἱ
614 732 803 845 tama
829 734 953 845 iffi:
982 742 1062 833 „ss
1091 743 1188 870 pta*
1220 742 1312 849 ssi
1336 743 1431 835 ..ss

261 872 403 980 Cissi:
422 880 523 1003 ῑᾉῖο
541 874 598 980 bd
615 878 692 989 ..th
709 870 746 989 iis
764 877 968 989 ..ripil'otssli
982 879 1037 979 od,
1063 873 1233 982 lihohm'
1252 876 1429 987 ciffi,

261 1008 283 1072 i.
311 1031 340 1073 e.
369 1004 535 1095 jejunarit
559 1004 749 1097 (diabolus)
774 1015 808 1071 et
832 1016 988 1095 precatus
1013 1014 1081 1089 est,
1115 1006 1294 1074 occultavit
1317 1008 1429 1074 dolum

262 1133 357 1175 suum
376 1121 410 1175 et
428 1108 573 1176 ostendit
598 1109 736 1197 pulchra
763 1133 926 1198 quaeque.
971 1110 1207 1200 Virginitatem
1231 1134 1304 1176 cum
1329 1121 1429 1200 partu

260 1236 326 1279 non
344 1215 454 1303 potuit
471 1212 660 1295 ostendere,
686 1214 719 1278 in
736 1214 867 1302 virgine
886 1212 956 1303 ejus
976 1212 1071 1278 dolus
1089 1216 1195 1281 victus
1213 1224 1275 1296 est,
1300 1226 1338 1281 ut
1356 1238 1428 1281 eam

261 1340 327 1382 non
345 1319 388 1382 sit
404 1317 563 1400 imitatus,
584 1327 617 1383 et
636 1318 765 1405 peperit
782 1317 1000 1407 virginaliter.
1029 1318 1108 1383 Hoc
1124 1316 1198 1383 loco
1217 1318 1350 1405 quidem
1369 1343 1428 1385 no-

261 1418 398 1486 tandum
417 1431 467 1486 est
480 1420 685 1508 Ephremum
702 1442 830 1510 negare
848 1420 986 1510 angelos
1006 1429 1039 1485 et
1058 1418 1234 1487 daemones
1253 1445 1350 1510 posse
1368 1446 1428 1511 ge-

261 1546 379 1589 nerare
397 1523 438 1591 cf.
459 1533 494 1589 et
510 1523 616 1612 Ephr.
636 1524 760 1613 Hymn.
786 1523 820 1589 in
842 1524 1041 1589 Paradisum
1064 1526 1103 1603 13
1132 1524 1186 1589 alii
1211 1535 1321 1590 tamen
1348 1526 1428 1591 scri-

261 1637 373 1716 ptores
391 1628 579 1717 primaevae
597 1626 758 1693 ecclesiae
776 1625 954 1693 daemones
970 1626 1158 1693 lihidinibus
1174 1627 1352 1694 admodum
1371 1630 1428 1695 de-

262 1730 349 1796 ditos
368 1754 440 1797 esse
459 1730 674 1814 contendunt,
693 1732 779 1796 sicut
797 1730 903 1796 Clem.
924 1730 1027 1794 Hom.
1049 1732 1084 1812 9,
1108 1733 1153 1796 10
1173 1731 1305 1816 dicitur,
1326 1732 1428 1798 mole-

262 1844 348 1900 stum
367 1858 439 1900 csse
458 1833 672 1900 daemonibus
698 1834 768 1899 sinc
793 1834 987 1923 corporibus
1007 1856 1090 1915 esse,
1118 1855 1220 1922 quum
1245 1845 1316 1900 tum
1335 1836 1427 1901 volu-

260 1939 405 2027 ptatibus
424 1940 491 2004 suis
509 1960 575 2003 non
593 1948 728 2026 possent
744 1936 921 2027 indulgere
929 1931 970 2029 ¹).

337 2042 446 2108 Porro
465 2040 556 2129 quod
574 2041 665 2125 dicit,
692 2040 861 2107 diabolum
879 2040 1006 2105 Mariae
1031 2048 1163 2127 partum
1181 2040 1367 2129 ignorasse,
1394 2050 1428 2109 et

261 2144 316 2211 alii
334 2146 510 2233 scriptores
536 2143 733 2229 concedunt,
765 2146 813 2210 sic
838 2142 1038 2210 Theodorus
1062 2142 1316 2231 Mopsuestenus
1348 2146 1428 2212 dicit

260 2258 376 2314 contra
394 2249 573 2334 Iulianum,
597 2258 675 2337 post
697 2250 898 2339 baptismum
924 2247 1056 2313 demum
1076 2246 1244 2313 Christum
1264 2272 1283 2315 a
1302 2250 1426 2315 Satana

260 2374 333 2417 esse
359 2352 539 2441 cognitum.
585 2351 639 2417 Cf.
659 2376 712 2441 ep.
739 2352 830 2441 Ignt.
858 2350 901 2417 ad
924 2349 1070 2438 Philipp.
1093 2352 1127 2416 9.
1173 2351 1259 2417 Vrde
1282 2352 1425 2437 Miinter,

260 2454 360 2543 frgm.
380 2464 483 2543 patrr.
502 2479 616 2545 graec.
636 2453 717 2521 fasc.
726 2454 755 2539 I,
775 2480 807 2544 p.
821 2456 881 2521 99.
916 2452 1016 2529 Quod
1036 2476 1113 2518 vero
1134 2453 1265 2539 dicitur,
1285 2466 1426 2522 mortem

261 2558 385 2624 Christi
403 2560 548 2626 Satanae
564 2558 666 2624 fuisse
683 2560 847 2648 ignotam,
872 2582 938 2624 non
958 2566 1008 2624 est
1027 2554 1116 2645 quod
1135 2558 1274 2643 mireris,
1301 2568 1340 2623 ut
1359 2561 1426 2625 Cu-

260 2663 406 2728 retonius
424 2687 457 2751 p.
479 2664 566 2746 286,
592 2662 679 2729 hunc
702 2663 812 2728 locum
833 2660 983 2747 offendit,
1010 2683 1076 2726 non
1095 2661 1181 2726 enim
1199 2660 1263 2727 hoc
1280 2656 1426 2729 referen-

260 2765 337 2832 dum
355 2777 407 2832 est
425 2767 468 2832 ad
486 2766 609 2832 lactum
635 2767 750 2832 mortis
775 2768 861 2832 sicut
884 2789 992 2853 neque
1024 2763 1041 2832 ri
1068 2767 1196 2840 τοκετὸς
1228 2765 1271 2831 ad
1302 2765 1425 2833 lactum

258 2881 385 2958 partus,
404 2869 493 2936 iacta
512 2871 598 2936 enim
616 2871 699 2936 haec
717 2880 752 2936 et
770 2871 802 2936 in
821 2870 865 2936 N.
886 2870 930 2934 T.
958 2867 1108 2934 diabolus
1125 2869 1228 2951 novit,
1253 2869 1313 2934 sed
1331 2871 1425 2936 intel-

258 2972 429 3063 ligendum
456 2979 518 3039 hoc
543 2984 594 3038 cst
618 2973 661 3039 de
690 2983 840 3062 tempore
867 2972 992 3038 Christi
1023 2981 1155 3062 partum
1186 2973 1425 3060 praecedente;

257 3077 425 3166 ignoravit
442 3077 526 3141 haec
544 3075 706 3162 diabolus,
732 3101 832 3165 quam
856 3076 913 3143 diu
938 3074 1027 3164 apud
1051 3074 1163 3140 Deum
1188 3086 1284 3142 erant
1309 3099 1424 3143 recon-

259 3180 340 3264 dita,
373 3191 408 3245 et
431 3179 495 3245 hoc
521 3203 594 3246 cam
620 3181 662 3245 ob
681 3205 826 3264 causam,
858 3203 899 3245 ne
920 3177 1076 3244 miracula
1095 3177 1150 3244 illa
1167 3179 1272 3266 possit
1289 3179 1423 3265 imitari,

257 3292 435 3371 postquam
449 3284 534 3348 enim
549 3283 651 3350 semel
665 3283 752 3351 facta
766 3295 853 3369 sunt,
868 3284 967 3349 lictae
982 3281 1105 3348 diaboli
1119 3283 1309 3372 repetitioni
1327 3307 1425 3351 nemo

256 3385 357 3452 fidem
374 3386 523 3454 haberet.
550 3387 662 3454 Verba
680 3389 785 3478 igitur
810 3386 927 3473 ὁμοίως
952 3395 1006 3452 καὶ
1031 3382 1048 3452 ὃ
1074 3385 1222 3461 θάνατος
1239 3393 1297 3453 τοῦ
1315 3395 1425 3476 κυρίου

257 3513 323 3556 non
341 3502 417 3557 sunt
435 3489 614 3580 ejicienda3
641 3514 730 3557 mors
749 3491 893 3580 pertinet
918 3487 960 3556 ad
986 3489 1051 3555 tria
1076 3490 1233 3576 mysteria
1259 3489 1423 3557 clamoris.

258 3593 325 3668 Qui
342 3617 421 3659 vero
441 3619 514 3659 eam
540 3597 582 3660 ob
609 3617 743 3660 causam
769 3595 853 3661 haec
877 3595 977 3660 rerba
1002 3602 1172 3679 respuunt,
1200 3591 1289 3678 quod
1313 3594 1346 3660 in
1371 3618 1423 3682 ep.

257 3696 348 3784 Ignt.
368 3696 411 3761 ad
424 3696 568 3786 Philipp.
585 3721 658 3786 cap.
674 3698 766 3764 VIII.
787 3709 822 3764 et
841 3699 874 3762 in
888 3705 1020 3763 commt.
1037 3694 1216 3782 Theophili
1230 3695 1426 3764 Antiocheni

259 3799 375 3865 Curet.
401 3824 434 3888 p.
464 3802 535 3866 158
561 3811 638 3867 sunt
662 3802 793 3886 omissa,
819 3800 1048 3883 recordentur,
1075 3797 1298 3886 Theophilum
1322 3823 1425 3888 quae·

257 3901 355 3968 stioni
373 3901 638 3991 respondentem,
666 3927 798 3994 quare
832 3928 913 3970 non
949 3927 996 3970 ex
1028 3901 1221 3990 simplice
1257 3903 1425 3995 virgine

255 4004 328 4072 sed
353 4031 400 4074 ex
426 4006 682 4096 desponsata
709 4018 945 4098 conceptus
970 4005 1253 4100 sit·Christus
1285 4017 1425 4076 mortem

255 4108 390 4176 Domini
415 4134 675 4178 commemorare
699 4135 765 4178 non
787 4112 990 4200 potuisse.
1036 4108 1168 4176 Eodem
1194 4109 1293 4176 modo
1311 4111 1423 4200 Philp.

254 4211 348 4278 VIII.
375 4237 461 4300 quae
487 4238 527 4280 cx
557 4215 631 4282 loco
659 4215 747 4304 Eph.
772 4215 868 4282 XIX.
897 4223 973 4280 sunt
999 4211 1162 4295 desumta,
1188 4235 1228 4280 eo
1253 4215 1424 4304 proposito

254 4327 331 4382 sunt
353 4317 490 4402 inserta,
511 4327 547 4384 ut
565 4319 662 4384 simili
680 4317 866 4407 quaestioni
891 4316 1108 4405 repondeant,
1134 4339 1235 4404 quum
1253 4340 1326 4406 cap.
1346 4317 1422 4384 VII.

329 4534 353 4602 ¹)
372 4533 415 4591 cf.
431 4534 698 4602 Iustinllartdpol.
717 4539 781 4590 min.
800 4536 830 4590 5:
849 4532 877 4586 ol
895 4527 919 4586 δ’
922 4523 1026 4600 ἄγγελοι
1042 4532 1178 4600 γυναικῶν
1194 4531 1296 4600 μίξεσιν
1311 4526 1425 4602 ἡττήθη

254 4634 313 4688 σαν,
331 4619 363 4673 ot
375 4617 443 4674 stow
460 4618 488 4672 ot
504 4613 638 4688 tsydpssot
655 4619 789 4690 δαίμονες.
825 4620 867 4674 Cf.
888 4619 988 4674 librum
1006 4618 1128 4674 Henoch.
1147 4619 1172 4685 2,
1190 4619 1216 4676 7.
