3500 5525
844 569 892 633 23

766 674 970 685 —-....—.

364 810 403 875 ln
420 808 561 898 epistola
579 808 622 875 ad
641 808 703 875 'l'r.
724 811 760 894 4,
779 807 856 875 Jolr.
885 819 919 875 et
939 811 967 873 Β
987 816 1063 896 post
1087 808 1187 874 rerba
1205 806 1308 902 χρηζω
1327 846 1376 857 --
1395 812 1453 877 τού

285 915 403 988 αίῶνος
420 913 538 980 τούτου
557 911 742 980 ἱοεετοοῐύ
765 911 913 996 διάβολος
936 922 971 977 et
995 914 1096 979 verba
1121 913 1153 977 in
1179 935 1307 979 recens.
1326 913 1452 979 minore

286 1017 407 1082 omissa
421 1014 482 1082 adv
495 1015 675 1103 ἐρρωμένος
688 1012 714 1081 ῶ
727 1052 779 1066 -
791 1021 1056 1100 μεμαστυηοῶσιν
1069 1018 1166 1081 ambo
1181 1015 1315 1101 habent,
1331 1016 1452 1083 deinde

285 1122 383 1185 ambo
402 1118 530 1185 addunt
543 1145 574 1184 τι
587 1119 697 1185 verbis
710 1142 778 1184 rec.
793 1119 870 1184 min.
885 1120 995 1204 μηδεὶς
1007 1120 1091 1184 κατὰ
1106 1120 1165 1185 τὸν
1178 1122 1320 1205 πλησίον
1332 1122 1451 1201 ἐχίτως

284 1260 335 1273 ··-
354 1234 390 1288 at
406 1224 440 1287 in
458 1221 576 1288 eadem
593 1222 734 1311 epistola
751 1221 828 1289 Joh.
850 1245 926 1288 cum
952 1225 982 1288 A
1006 1231 1122 1287 eontra
1149 1223 1179 1287 B
1202 1222 1303 1288 habet
1320 1246 1392 1311 cap.
1415 1226 1448 1288 4.

283 1325 366 1393 ὅταν
383 1324 435 1417 (A
452 1322 498 1392 ὅτ’
516 1322 578 1415 δν)
596 1328 642 1414 τῷ
658 1324 829 1413 δττισιιύπφ
846 1323 1098 1411 ὑποτάσσησθε,
1117 1327 1147 1391 Β
1164 1347 1229 1393 orn.
1250 1325 1351 1401 ὅτανς
1375 1348 1448 1413 τορ.

283 1430 307 1496 8
325 1427 537 1516 φυλάττεσθε
553 1424 613 1495 ούν
629 1430 705 1504 τοὺς
726 1427 893 1503 τοιούτους
918 1426 969 1517 (Α
985 1437 1053 1503 τοῖς
1069 1425 1259 1519 τοιούτοις),
1284 1430 1316 1495 Β
1340 1425 1450 1515 ἄσφα-

281 1534 432 1611 λίζεσθες
457 1556 532 1620 τερ.
556 1534 601 1597 10
619 1528 775 1617 γεύσηταί
790 1557 851 1611 τις,
869 1534 900 1597 Β
918 1556 965 1607 τις
982 1529 1145 1617 γεύσηται.
1177 1568 1227 1581 -
1259 1532 1312 1597 Ex
1332 1555 1385 1619 ep.
1406 1530 1450 1598 ad

283 1635 359 1701 Pol.
380 1635 493 1701 attulit
509 1636 642 1723 Lipsius
659 1634 750 1701 locos
768 1644 848 1717 tres,
868 1656 1058 1701 noseorum
1077 1658 1250 1701 numerum
1269 1658 1449 1725 augemus:

283 1763 358 1827 τερ.
380 1738 493 1805 aJoh.
514 1741 592 1805 etB
608 1739 651 1805 τὰ
668 1736 853 1825 φαινόμενύ
873 1758 928 1805 σοι
942 1739 979 1807 Α
992 1759 1072 1817 σου,·
1099 1762 1172 1826 τερ.
1195 1740 1215 1803 3
1235 1738 1273 1804 τὸ
1292 1740 1450 1825 δέρεσθαι

282 1851 337 1908 καὶ
355 1847 459 1924 νικᾶν,
477 1847 507 1906 Α
525 1865 590 1908 om.
608 1840 667 1918 τύ,·
694 1865 767 1929 τερ.
787 1842 810 1906 6
828 1848 1082 1927 μακροθυμεῖτε,
1108 1847 1138 1906 Α
1154 1840 1450 1927 μακροθυμῆσατες

283 1946 321 2012 ἐν
337 1946 498 2032 πρφύτητι
516 1949 546 2009 Α
564 1946 601 2012 ἐν
618 1944 777 2032 πρᾳότητι
789 1971 801 2021 ,·
830 1954 865 2009 at
881 1943 957 2009 Joh.
985 1953 1020 2009 et
1044 1947 1078 2009 A.
1104 1968 1177 2033 cap.
1206 1946 1227 2009 θ
1260 1943 1384 2011 habeut
1413 1946 1451 2013 ἐν
1531 1974 1533 1979 ·

282 2047 442 2136 πρᾳότητι
448 2098 460 2127 ,
480 2050 538 2113 ἵνα
556 2068 610 2115 σοι
631 2052 830 2141 φανερωθῇ,
851 2048 987 2132 μηδενὸς
1010 2050 1105 2143 λείπη
1126 2050 1154 2113 Β
1173 2070 1252 2114 vero
1277 2050 1450 2136 πρηιύτητι,

281 2156 511 2242 φανερωθείη,
529 2152 631 2238 μηδέν
648 2170 703 2217 σοι
727 2152 842 2243 λείπφ,
868 2159 903 2215 et
921 2173 994 2238 τερ.
1016 2152 1038 2215 4
1057 2149 1241 2235 ἐρύτωσαν,
1266 2153 1296 2217 Β
1313 2150 1446 2237 αἶρέτω·

285 2277 363 2336 σαν,
381 2253 503 2319 deinde
520 2275 654 2341 quoque
671 2253 734 2318 hae
751 2253 785 2317 in
803 2276 856 2341 ep.
876 2254 974 2319 ambo
989 2254 1110 2319 Graeci
1128 2254 1319 2343 saepissime
1332 2263 1449 2321 contra

284 2356 361 2445 Jolr.
390 2358 600 2439 conveniunt,
626 2355 669 2421 cf.
697 2355 908 2422 collationem
933 2367 1091 2440 nostram,
1119 2368 1153 2423 et
1175 2359 1304 2446 respice
1331 2361 1446 2445 capd

282 2461 340 2525 ubi
357 2459 434 2526 Joh.
453 2462 555 2525 verba
573 2456 642 2525 ἄλλ’
661 2461 705 2535 είς
722 2458 822 2539 δόξαν
844 2466 904 2527 τοῦ
921 2465 1003 2527 θεοῦ
1027 2499 1079 2511 -
1102 2460 1223 2543 τύχωσι
1247 2462 1285 2526 iis
1312 2470 1447 2548 postpo-

281 2564 342 2646 nit,
356 2586 443 2649 quae
457 2564 489 2627 iu
503 2586 629 2629 reeens.
643 2563 776 2651 graecis
789 2563 1004 2651 praecedunt.
1032 2566 1111 2629 Ηοτ
1125 2587 1258 2652 quoque
1272 2573 1322 2629 est
1336 2586 1447 2629 exem-

280 2667 383 2755 plum,
403 2666 569 2754 quomodo
589 2665 756 2733 addiderit
772 2666 850 2733 Joh.
870 2668 984 2749 verba,
1011 2678 1049 2733 ut
1075 2668 1258 2735 sententiae
1277 2690 1363 2733 nexu
1381 2667 1447 2732 ori-

280 2771 383 2860 ginali
401 2780 501 2859 ruptn
519 2770 660 2859 intelligi
678 2781 818 2858 queant,
844 2771 879 2838 οῗ
899 2769 1009 2838 δούλοι
1035 2773 1121 2838 enim
1147 2773 1180 2837 in
1207 2772 1298 2838 libris
1315 2771 1446 2860 graecis

279 2898 345 2941 non
363 2874 499 2964 legitur.
526 2874 621 2939 Idem
638 2871 718 2937 lecit
736 2876 857 2938 Anton.
876 2873 1011 2940 Melissa
1030 2875 1146 2940 Curet.
1165 2899 1198 2962 p.
1222 2877 1306 2940 185.

358 2977 487 3052 Quodsi
504 2979 537 3042 in
556 3000 608 3064 ep.
638 2975 681 3040 ad
697 2975 791 3063 Mgn.
811 2975 978 3040 lohannes
1004 3000 1078 3042 cum
1106 2981 1134 3042 Β
1165 2979 1266 3042 verba
1296 2985 1350 3042 καί
1380 2982 1448 3042 τῶν

279 3085 509 3167 πρεσβυτέρων
527 3079 652 3162 omisit,
685 3079 718 3142 in
745 3076 862 3143 eadem
885 3079 1025 3166 epistola
1048 3103 1122 3168 cap.
1143 3083 1177 3144 4-
1192 3101 1267 3144 cunr
1294 3082 1323 3143 A
1346 3078 1447 3148 habet

279 3181 393 3271 ῶσπερ
411 3187 470 3248 καί
483 3207 568 3257 τινες
584 3183 768 3248 ἐπίσκοπον
784 3189 846 3266 μὲν
862 3185 1010 3265 καλοῦσι,
1035 3185 1065 3248 Β
1083 3185 1232 3266 λέγουσις
1258 3206 1331 3272 cap.
1357 3186 1374 3247 7
1394 3179 1446 3250 εύ-

236 3349 239 3356 ,
278 3284 376 3369 λοηύν
399 3312 431 3352 τι
454 3291 639 3371 φαίνεσθαι
663 3286 731 3371 λδίηι
746 3281 837 3370 ύμῖν,
868 3287 900 3350 Β
923 3287 1005 3372 μηδέ
1033 3312 1064 3352 τι
1089 3293 1265 3373 φαινέσθω
1290 3285 1384 3371 ύμῖνς
1412 3295 1446 3354 et

280 3414 353 3479 cap.
378 3391 423 3454 10
443 3386 477 3464 ὃς
502 3387 597 3478 (Joh.
618 3385 726 3478 ὅστις)
744 3389 805 3476 γὰρ
823 3385 911 3476 ἄλλῳ
930 3385 1077 3474 δνύματι,
1096 3392 1199 3476 Βηδρ
1214 3387 1256 3455 dv
1273 3385 1380 3476 detq„-
1394 3427 1446 3438 —·-

280 3494 328 3559 sic
346 3504 380 3560 et
397 3495 430 3558 in
449 3517 501 3581 ep.
522 3491 566 3558 ad
583 3491 694 3558 Phild.
714 3515 789 3557 eum
808 3495 838 3557 A
862 3493 1001 3580 praebet
1023 3492 1100 3560 Joh.
1120 3517 1193 3584 cap.
1222 3495 1243 3558 θ
1268 3497 1365 3559 τέκνα
1390 3491 1445 3582 (A

280 3595 358 3662 add.
378 3593 456 3685 ούν)
475 3594 593 3682 φωτός,
610 3598 642 3660 Β
660 3592 701 3670 ῶς
718 3601 816 3662 τέκνα
835 3593 912 3674 οδνς
939 3619 1011 3686 τερ.
1034 3598 1055 3662 3
1083 3599 1137 3662 διὰ
1163 3599 1201 3664 τὸ
1224 3597 1267 3681 μὴ
1285 3598 1370 3662 ελναι
1388 3591 1443 3662 αύ-

279 3701 354 3773 τοδς
371 3705 511 3784 φυτείαν
535 3701 566 3764 Β
583 3695 703 3775 αύτύς,·
729 3699 772 3784 μῆ
790 3700 969 3766 πλανᾶσθε
995 3697 1135 3784 ἀδελφοί
1157 3724 1232 3782 μου,
1251 3699 1282 3763 Β
1304 3696 1445 3784 ἀδελφοὶ

278 3803 321 3888 μη
339 3803 535 3878 πλανῶσθες
562 3825 635 3890 τερ.
657 3805 677 3867 7
698 3803 736 3869 ἐν
753 3795 778 3889 ᾤ
796 3802 940 3885 δέδεμαι,
957 3803 988 3867 Β
1005 3798 1046 3867 δι’
1063 3800 1102 3869 ὃν
1119 3803 1263 3885 δέδεμαι.
1290 3800 1445 3888 Denique

278 3905 311 3970 in
329 3929 381 3994 ep.
402 3904 446 3971 ad
462 3904 550 3994 Epir.
570 3929 643 3994 cap.
665 3907 687 3971 6
705 3905 771 3970 Jolr
801 3914 836 3970 et
854 3907 884 3970 A
908 3913 962 3971 καὶ
990 3904 1072 3972 ὅσον
1095 3908 1208 3991 βλίπει
1231 3929 1277 3978 τις
1301 3909 1444 3986 σιγῶντα

275 4011 473 4089 ἐπίσκοπον,
498 4012 601 4076 πλέον
624 4006 675 4099 (A
698 4007 875 4093 πλειόνως)
902 4006 1003 4075 αύτδν
1028 4015 1210 4094 φοβείσθω,
1240 4009 1268 4072 Β
1291 4006 1359 4095 ὅσῳ
1385 4004 1445 4074 ούν

274 4115 413 4199 βλέπετε
437 4118 616 4178 σιωπῶντα
642 4113 702 4179 τὸν
724 4113 777 4179 ἐπ.
809 4114 925 4178 πλεῖον
954 4109 1056 4180 αύτδν
1086 4118 1268 4198 φοβείσθε;
1295 4134 1367 4198 τερ.
1397 4111 1441 4175 13

276 4215 437 4299 ὅτανγὰρ
454 4219 581 4289 πυκνῶς
599 4217 630 4280 Β
643 4218 805 4296 συνεχῶς,·
832 4238 906 4303 cap.
930 4218 975 4281 14
1002 4212 1083 4303 ἀρχὴ
1108 4223 1169 4300 μὲν
1192 4214 1288 4299 (θοὴ.
1308 4212 1385 4278 add.
1405 4210 1442 4300 ἦ)

276 4325 399 4397 πίστις,
416 4319 449 4383 Β
465 4313 547 4406 ἇρχη
566 4322 643 4402 ζωῆς
662 4323 782 4391 πίστις.

353 4420 424 4488 Sed
440 4420 524 4486 haee
540 4419 717 4503 sufficiant,
735 4420 816 4486 satis
830 4422 1080 4508 comprobatum
1099 4431 1161 4505 est,
1180 4421 1364 4487 Johannem
1384 4419 1443 4484 rni-

277 4522 365 4589 uime
381 4534 510 4590 textum
526 4527 559 4590 Β
575 4524 682 4611 sequi,
705 4522 930 4612 colligendum
947 4547 1027 4590 vero
1046 4535 1098 4591 est
1120 4549 1161 4591 ex
1186 4524 1344 4612 exemplis
1363 4522 1442 4588 alla-

278 4624 333 4710 tis,
351 4625 512 4694 Jolrannis
529 4637 680 4717 tempore
697 4636 826 4694 textum
851 4627 971 4693 mirum
995 4627 1029 4693 in
1054 4628 1187 4695 modum
1213 4627 1314 4694 luisse
1336 4626 1442 4692 varie-
