3500 5525
807 587 857 653 49

244 827 359 894 mortis
376 826 524 916 periculo
542 825 690 915 potuisse
707 826 862 912 liberare,
881 850 958 893 nam
977 826 1069 915 quod
1085 824 1210 895 Helela
1230 826 1310 895 dicit
1329 826 1370 919 (l.
1391 826 1413 895 1.

243 957 276 1020 p.
295 929 431 1020 XLIX)
457 952 523 995 non
542 928 758 1015 demonstrat,
782 954 928 1018 unquam
947 930 1186 1016 Christianum,
1206 920 1415 1019 imperatoris

239 1034 335 1123 jussu
360 1034 403 1100 ad
427 1044 569 1099 mortem
592 1032 858 1118 condemnatum,
884 1032 1025 1101 fratrum
1056 1044 1198 1123 argento
1230 1034 1415 1102 redemtum

243 1162 327 1205 esse.
355 1136 488 1205 Deinde
505 1136 663 1224 quidhoc
677 1148 746 1203 est:
773 1138 810 1203 Si
823 1138 942 1203 tacetis
960 1129 1047 1217 local
1063 1129 1159 1225 lohNJ
1178 1131 1268 1223 lihn,
1288 1139 1315 1205 si
1335 1162 1415 1205 vero

243 1265 377 1309 carnem
400 1264 508 1308 meam
532 1241 651 1306 amatis
675 1239 727 1317 llo
751 1238 802 1309 Δ.
823 1232 912 1321 leot!
927 1240 1032 1309 ool?
1075 1241 1261 1307 Bunsenius
1286 1266 1319 1331 p.
1342 1242 1414 1307 116

245 1344 343 1411 dicits
370 1344 495 1411 Werde
519 1344 573 1409 ich
596 1344 719 1411 meines
738 1343 922 1411 Wunsches
941 1342 1142 1435 theilhaftig‚
1169 1370 1206 1413 so
1229 1345 1339 1413 werde
1362 1344 1415 1411 ich

244 1449 318 1516 eine
335 1447 433 1515 Rede
452 1451 573 1514 Gottes
593 1447 735 1531 werden,
769 1458 806 1513 at
832 1448 906 1535 quis
929 1447 1028 1513 homo
1048 1448 1244 1515 christianus
1263 1473 1336 1517 sese
1354 1472 1414 1514 un-

244 1575 344 1639 quam
361 1558 444 1620 θεοῦ
461 1550 559 1633 λόγον
577 1550 739 1618 dixerita!
767 1551 951 1617 Praeterea
970 1551 1049 1641 quid
1064 1550 1099 1617 id
1113 1562 1164 1617 est
1178 1552 1279 1620 πάλιν
1297 1553 1416 1635 ἔσομαι

243 1656 386 1739 ἐμαυτοῦ
402 1652 481 1740 itti,
498 1655 652 1720 Bunsen=
679 1656 726 1721 So
743 1654 855 1722 werde
872 1654 926 1720 ich
944 1654 1123 1722 wiederum
1142 1656 1195 1722 ein
1209 1654 1414 1725 Wiederhall

244 1758 370 1824 meiner
387 1758 490 1824 selbst
507 1759 618 1824 seint!
662 1757 828 1823 insulsum
850 1758 945 1825 nobis
968 1759 1112 1841 ridetur,
1138 1782 1178 1825 ac
1201 1760 1305 1825 nostri
1331 1769 1414 1825 tem-

244 1863 334 1949 poris
351 1884 448 1926 usum
466 1860 596 1926 dicendi
614 1862 712 1949 sapit,
738 1860 773 1927 id
798 1860 889 1949 quod
913 1861 1047 1929 Bunsen
1065 1862 1107 1928 de
1125 1861 1237 1951 phrasi
1264 1860 1282 1929 ὅ
1306 1863 1416 1950 καιρὸς

246 1961 382 2031 ἇτταιτεΐ
396 1985 435 2031 σε
451 1964 527 2031 ΡοΙ.
549 1968 570 2029 2
590 1964 761 2031 contendit
778 1988 811 2053 p.
833 1966 894 2030 35.
931 1966 1028 2032 Haec
1052 1988 1131 2032 vero
1149 1965 1291 2056 phrasis,
1310 1976 1348 2031 ut
1366 1966 1414 2033 in-

243 2065 293 2133 lra
312 2067 602 2152 demonstrabitur,
622 2092 701 2134 vere
717 2069 854 2156 antiqua
873 2078 934 2135 est.

320 2172 446 2238 Omnes
463 2172 550 2237 hunc
568 2171 676 2237 locum
695 2173 910 2257 offensarunt,
937 2171 1089 2261 Toupius
1113 2172 1245 2263 scripsit
1269 2178 1416 2256 ματαίως

243 2279 367 2361 τρέχων
390 2275 481 2363 qnod
505 2274 669 2363 displicet,
695 2298 795 2364 quum
814 2275 1008 2343 emendator
1033 2276 1142 2343 locum
1172 2277 1284 2343 lOor.
1306 2276 1341 2358 9,
1359 2266 1410 2341 ι24

243 2379 410 2465 respicere
428 2377 592 2460 videatur,
611 2378 766 2445 Ueserius
784 2381 818 2445 in
832 2380 983 2470 margine
1002 2380 1133 2469 scripsit
1146 2380 1242 2445 velox
1260 2402 1321 2467 pro
1337 2401 1412 2463 vox,

244 2491 280 2547 at
297 2483 346 2547 sic
363 2481 462 2548 lectio
480 2483 557 2572 Syri
574 2479 645 2566 llo,
672 2484 807 2573 insuper
824 2482 922 2574 hujus
941 2484 1102 2573 epistolae
1120 2483 1271 2551 versione
1289 2492 1413 2569 marty-

243 2586 295 2651 rio
314 2585 465 2674 adposita
490 2587 732 2672 commendata,
758 2610 825 2653 nou
852 2598 988 2653 sanatur
997 2583 1035 2678 ¹).
1092 2586 1192 2663 Quod
1210 2587 1351 2675 primum
1371 2583 1414 2651 ad

243 2711 358 2756 rocem
375 2682 469 2775 lthxx,
494 2714 554 2757 nos
580 2692 727 2758 Armenii
749 2693 766 2756 l
797 2692 997 2759 auctoritate
1016 2691 1096 2777 nixi,
1129 2690 1185 2780 qui
1210 2689 1312 2757 hahet
1337 2712 1414 2779 pars

243 2791 309 2879 dei,
328 2795 569 2861 restituendum
586 2817 758 2864 censemus
776 2788 878 2876 ihm,
903 2797 950 2860 ita
968 2806 1005 2860 ut
1023 2797 1098 2882 Syr.
1118 2797 1220 2862 verba
1238 2816 1291 2884 gr.
1312 2793 1416 2860 πάλιν

243 2897 362 2979 ἔσομαι
378 2904 462 2964 θεοῦ
479 2898 667 2962 accuratius
686 2896 888 2981 expresserit
905 2888 990 2973 local
1008 2889 1103 2981 lohht
1122 2889 1225 2975 ihus)
1278 2897 1314 2962 Si
1332 2919 1412 2962 vero

244 2997 457 3086 conjecturae
474 2999 567 3063 locus
585 3008 637 3063 est
650 2995 791 3080 dandus,
814 2997 847 3061 in
860 3005 955 3062 textu
971 2997 1078 3084 primo
1093 2997 1234 3062 fortasse
1251 2997 1314 3062 luit
1331 3004 1414 3064 θεοῦ

247 3101 445 3167 ΚΛΗΡΟΣ
465 3098 528 3189 (cl.
548 3123 622 3189 cap.
646 3103 661 3165 l
684 3099 802 3185 κλῆρόν
816 3123 881 3184 μου
899 3097 1098 3192 ἀπολαβεῖν)
1117 3099 1206 3166 unde
1225 3098 1346 3166 deinde
1365 3098 1413 3166 la-

244 3211 334 3268 ctum
352 3211 405 3268 est
421 3204 606 3283 ΛΟΓΟΣ,
625 3204 710 3269 sicut
728 3227 747 3269 e
765 3204 894 3292 syriaco
919 3195 1002 3282 ihm
1019 3205 1182 3292 processit
1198 3195 1294 3286 lh»,
1315 3203 1415 3270 etsie

245 3306 429 3394 explicatur
445 3306 523 3373 Lat.
545 3309 575 3374 Α
591 3309 739 3373 verbum.
780 3307 820 3373 In
837 3306 984 3374 seeundo
1003 3310 1151 3376 membro
1170 3319 1241 3375 tum
1260 3309 1301 3374 ah
1320 3309 1413 3375 initio

244 3408 306 3475 luit
326 3412 469 3495 ἐμαυτοῦ
499 3433 559 3500 pro
592 3411 710 3496 ἔσομαι
735 3409 898 3502 (τρέχων)
930 3414 1028 3478 ΕΜΑ
1037 3414 1197 3482 YTOYm
1232 3414 1418 3480 ΕΣΟΜΑῙ

242 3537 309 3602 quo
328 3512 416 3580 lacto
434 3513 518 3582 haec
535 3515 642 3582 oritur
659 3515 840 3581 sententia:
868 3516 927 3583 dciv
942 3514 1126 3602 σιωπήσετε
1141 3565 1149 3582 .
1165 3565 1173 3583 .
1188 3566 1196 3582 .
1212 3517 1330 3600 ἔσομαι
1343 3517 1415 3603 τλῆ·
1509 3581 1512 3586 .

245 3643 299 3702 ρος
317 3624 418 3697 θεοῦ,
443 3619 503 3685 ἐὰν
528 3620 563 3684 δὲ
585 3620 629 3705 μὴ
653 3618 755 3685 πάλιν
777 3621 930 3702 ἐμαυτοῦ.
985 3618 1084 3692 Quod
1103 3619 1178 3707 Syr.
1199 3618 1293 3684 addit
1310 3616 1362 3695 llo
1381 3628 1414 3685 et

243 3720 321 3786 Lat.
341 3743 406 3785 wox
424 3731 503 3786 tunc
520 3722 704 3810 explicatur
722 3744 762 3786 ex
780 3721 904 3786 usitata
923 3722 1143 3809 oppositione,
1163 3744 1263 3808 quam
1282 3731 1412 3786 veteres

243 3824 330 3888 inter
347 3822 440 3903 λόγος
458 3835 492 3890 et
511 3826 602 3911 φωνὴ
625 3824 803 3908 faciehant,
830 3847 916 3912 quae
935 3847 954 3889 a
974 3825 1144 3890 Curetono
1163 3848 1196 3912 p.
1219 3826 1289 3889 291
1313 3823 1412 3890 docte

243 3925 438 3992 illustratur.
486 3929 599 4003 Quum
616 3952 695 3995 vero
714 3930 748 3994 in
765 3937 860 3996 textu
877 3951 931 4018 gr.
951 3949 1012 4016 pro
1032 3930 1174 4012 ἐμαυτοῦ
1192 3927 1351 4018 scriptum
1370 3927 1413 3994 sit

243 4031 361 4115 ἔσομαι
384 4055 451 4098 non
469 4032 581 4122 inepte
599 4031 749 4098 additum
774 4043 826 4098 est
856 4037 982 4119 τρέχων
1013 4033 1055 4098 ah
1081 4031 1212 4099 homine
1236 4033 1415 4121 imaginem

242 4134 418 4200 Paulinam
435 4137 633 4224 respiciente
655 4137 766 4202 lCor.
787 4138 822 4219 9,
843 4138 904 4202 94.

323 4237 429 4326 Χόρος
445 4232 581 4318 llud».
596 4271 626 4294 =
642 4239 852 4325 συμφώνησις
869 4239 903 4304 in
920 4238 1041 4306 Pesch.
1064 4239 1224 4321 seona,
1239 4239 1298 4319 15,
1318 4235 1415 4304 aialdu

243 4378 277 4401 =
295 4361 392 4408 ...22
409 4352 448 4408 ut
465 4364 559 4431 apoc.
582 4345 616 4424 5,
638 4343 680 4424 93
704 4343 763 4424 14,
784 4343 824 4422 3;
846 4343 906 4425 15,
924 4344 958 4408 3.
996 4343 1118 4408 Graec.
1139 4341 1223 4408 ludit
1241 4349 1273 4407 in
1293 4341 1413 4425 verbis,

317 4591 342 4657 ¹)
359 4592 421 4647 Joh.
439 4594 588 4648 Monachus
606 4593 697 4648 Curet
715 4610 742 4663 p.
761 4593 814 4649 206
833 4594 850 4646 l.
869 4592 904 4648 26
922 4591 996 4645 idem
1015 4593 1107 4664 habet,
1126 4609 1176 4662 pro
1200 4600 1347 4648 anunm.
1371 4609 1416 4645 au-

244 4679 303 4727 tem
319 4677 413 4730 scribit
428 4692 491 4733 ..ω
507 4686 630 4751 pom.

1159 4790 1183 4853 4
