3500 5525
883 546 931 613 42

806 652 1011 663 ι--υι-ι--ι-

324 810 391 854 oou
408 797 529 854 exstat.
582 786 702 876 Itaque
720 784 901 875 legendum
919 797 1008 853 esset
1025 785 1108 855 ὅταν
1123 787 1264 873 μηόεμία
1281 785 1346 873 ίρις
1363 785 1401 853 ἐν
1416 782 1494 871 ὑμὶν

324 892 539 979 ἐνερρίςαεαι.
593 890 650 956 Sic
668 890 757 979 apud
781 889 965 957 Siracidem
986 892 1020 973 3,
1042 891 1091 956 28
1114 890 1239 979 legitur
1264 890 1371 973 φυτὸν
1389 916 1492 976 πανη·

324 999 395 1077 ρίας
411 995 581 1080 ἐρρίζωσεν
605 995 643 1060 ἐν
665 991 754 1081 αὐτῷ
778 994 827 1061 εἰσ
844 1003 880 1058 et
897 994 930 1058 iu
947 993 992 1059 N.
1013 994 1057 1059 Τ.
1081 993 1170 1081 Eph.
1191 996 1227 1077 3,
1249 994 1295 1059 18
1321 993 1358 1060 ἐν
1382 988 1493 1087 ἀγάπη

323 1098 530 1184 ἐρριζωμένοι
547 1096 669 1164 Pesch.
683 1112 823 1187 *paz-m
838 1115 871 1174 ’μ
884 1115 929 1175 ’.ι
945 1088 1029 1177 loon
1048 1095 1121 1163 ool.
1140 1099 1174 1180 2,
1193 1098 1439 1181 Ὶνέρριζωμίνσι
1456 1096 1494 1162 ἐν

324 1196 413 1287 αὐτῷ
430 1219 492 1276 012
511 1219 592 1291 ῳ.
609 1215 685 1278 em
701 1200 812 1304 <iam
834 1218 892 1296 ρ.
947 1202 1051 1288 Syrus
1076 1200 1181 1288 igitur
1204 1198 1299 1266 uobis
1318 1199 1493 1265 lectionem

322 1313 449 1369 rectam
469 1304 599 1369 ridetur
621 1325 771 1370 servasse
797 1314 832 1370 et
853 1304 1029 1369 Armenius
1053 1304 1188 1393 proprio
1214 1302 1314 1369 Marti
1339 1302 1494 1391 apposuit

324 1429 439 1473 vocem
457 1406 583 1473 mundi.

402 1544 604 1623 Βασανίζειν
621 1543 721 1609 vertit
738 1560 823 1610 m
846 1552 885 1608 ut
902 1543 935 1607 in
952 1542 1073 1609 Pescla.
1093 1542 1180 1608 solet
1196 1542 1281 1608 verti
1300 1566 1394 1631 apoc.
1405 1544 1440 1624 9,
1451 1544 1492 1623 53

329 1648 434 1728 12,2,
452 1644 581 1729 Meus,
593 1647 653 1729 29,
671 1646 755 1712 Mrc.
767 1649 847 1730 5,7,
866 1646 951 1713 Luc.
964 1648 1070 1729 8‚38,
1090 1648 1333 1734 apoc.ll‚10;
1357 1648 1492 1729 14,10;

325 1750 466 1831 2θ,10;
486 1748 703 1830 2Ρσίτ.2,8.
744 1752 924 1839 Περίψημα
942 1740 1041 1847 hilp...
1076 1752 1254 1839 Περίψημα
1277 1750 1386 1815 lCor.
1397 1750 1490 1833 4,13

323 1850 475 1917 redditur
492 1843 601 1931 13909
615 1836 762 1941 εᾛῖ,
783 1851 872 1939 quod
892 1854 967 1941 Syr.
987 1876 1080 1940 pror.
1101 1853 1220 1936 21,28
1240 1852 1341 1917 vertit
1358 1849 1492 1919 &uiui-

326 2020 357 2045 =
376 1988 587 2074 κατάλλαγμα
620 1987 788 2079 (Hesych.
815 1994 1007 2079 περίψημα·
1039 1985 1247 2076 ἆντίλντρον,
1273 1986 1490 2079 ἆνπίψνχον).

324 2093 420 2157 Sicut
437 2090 502 2173 hic,
521 2092 869 2180 sicnequeEph.,·18
892 2115 1007 2158 rocem
1026 2092 1100 2180 Syr.
1120 2102 1211 2159 recte
1229 2091 1376 2159 reddidit
1394 2090 1487 2182 (con-v

324 2204 378 2261 tra
395 2194 489 2283 Lips.
509 2219 541 2283 p.
565 2194 670 2283 140).
724 2196 905 2284 Nunquam
929 2201 1103 2287 περίψημα
1127 2201 1185 2262 τοῦ
1210 2202 1354 2283 σταυροῦ
1381 2205 1492 2283 potest

324 2320 399 2363 esse
421 2288 539 2418 ὢν)
562 2297 654 2363 ...οἱ
679 2290 800 2412 Qu.
854 2298 984 2363 Tamen
1006 2320 1073 2363 non
1098 2321 1268 2365 censemus
1286 2300 1410 2389 Syrum
1428 2298 1492 2365 hoc

325 2400 400 2465 loco
418 2423 479 2489 pro
497 2407 671 2491 περίψημα
699 2400 823 2489 legisse
846 2400 1057 2487 nectareique,
1081 2401 1141 2467 sed
1159 2412 1286 2469 rectum
1303 2402 1438 2489 Lipsius
1456 2425 1489 2489 p.

328 2505 398 2569 141
419 2514 489 2569 not.
509 2504 580 2591 ipse
593 2504 776 2591 proposuit.
809 2504 921 2569 Mente
936 2503 1021 2569 enim
1035 2504 1110 2592 Syr.
1126 2505 1233 2570 tenuit
1246 2504 1354 2571 locum
1368 2504 1489 2571 Pesch.

323 2605 412 2671 Phil.
437 2609 470 2690 1,
490 2609 512 2672 4
530 2598 570 2684 ltl
587 2609 737 2674 &nixu
753 2598 838 2704 illiga
854 2624 919 2703 ρο
943 2629 1008 2693 quo
1027 2606 1138 2673 eloco
1158 2617 1192 2672 et
1209 2630 1323 2673 rocem
1341 2610 1492 2677 &nim

324 2730 387 2801 pro
404 2706 573 2794 ἁγνιζομαι
591 2709 703 2776 traxit.
732 2711 810 2776 Hoc
829 2710 915 2775 enim
930 2720 981 2778 est
994 2712 1189 2798 λειτουργεῖν
1203 2721 1267 2778 act.
1283 2712 1373 2794 13,2
1390 2734 1491 2800 quum

319 2809 516 2895 ἁγνίζεσθαι
533 2813 566 2878 iu
584 2813 705 2880 Pesch.
725 2815 769 2880 sit
784 2806 837 2901 loy
855 2814 931 2880 Joh.
951 2817 1009 2900 li,
1026 2817 1086 2898 55,
1107 2823 1171 2880 act.
1189 2817 1249 2898 21,
1271 2817 1338 2895 24;
1358 2817 1489 2896 24,18.

322 2916 382 2984 Sic
398 2916 506 2983 versio
525 2917 602 3006 Syri
619 2917 798 2984 admodum
822 2942 841 2983 a
861 2920 993 2984 Graeco
1017 2917 1156 3013 recedit,
1181 2941 1284 2984 nexus
1310 2917 1397 2984 enim
1414 2919 1491 3008 Syri
1511 2947 1514 2954 ·
1590 2944 1592 2948 ·

322 3019 379 3085 iric
397 3029 465 3086 est:
493 3021 529 3086 Si
546 3021 636 3086 uuila
655 3020 777 3109 cupido
795 3021 828 3086 iu
842 3023 935 3088 vobis
949 3023 1058 3088 locum
1072 3021 1173 3087 habet
1191 3021 1373 3088 secundum
1391 3021 1490 3086 deum

321 3123 441 3188 vivitis.
471 3122 615 3188 Gaudeo
634 3122 677 3189 de
695 3125 788 3190 vobis
806 3122 897 3213 (scii.
913 3125 1002 3211 quod
1020 3126 1066 3190 ita
1081 3123 1150 3214 est)
1170 3136 1204 3192 et
1221 3147 1341 3214 precor
1357 3147 1418 3213 pro
1435 3149 1490 3190 vo-

321 3225 373 3288 bis
390 3224 528 3312 Ephesii
546 3225 686 3290 ecciesia
704 3227 816 3314 iucyta
839 3228 990 3292 omuibus
1008 3228 1159 3294 saeculis.
1207 3227 1259 3294 Cf.
1278 3227 1389 3316 Philp.
1413 3230 1445 3311 1,
1466 3229 1488 3293 4

322 3327 405 3395 μετὰ
420 3330 523 3411 χαρᾶς
547 3328 606 3411 τὴν
622 3328 736 3413 ὀίησιν
759 3327 965 3411 ποιούμενος.
1019 3331 1139 3418 Syrum
1157 3331 1248 3398 locos
1266 3331 1404 3398 biblioos
1422 3354 1490 3396 me-

324 3429 431 3494 moria
447 3438 615 3497 tenentem
633 3453 691 3495 eoa
708 3430 742 3494 iu
760 3453 854 3496 suam
872 3431 1057 3496 versionem
1080 3433 1271 3517 transferre,
1294 3433 1364 3524 jam
1390 3458 1490 3523 supra

323 3531 464 3598 vidimus
481 3533 557 3598 Pol.
579 3534 600 3599 3
619 3531 662 3599 cf.
682 3557 714 3621 p.
736 3535 797 3600 33.
852 3535 938 3600 Cum
956 3535 1042 3622 Syro
1067 3545 1102 3601 at
1119 3536 1173 3602 hio
1191 3538 1281 3604 Arm.
1301 3562 1372 3604 rem
1390 3539 1490 3606 habet

320 3637 487 3702 scribens:
522 3635 665 3703 Gaudeo
684 3637 718 3703 iu
736 3636 829 3703 robis
847 3647 883 3703 et
900 3637 1048 3728 supplico
1067 3661 1128 3727 pro
1147 3641 1249 3706 robis.

401 3774 486 3861 Cap.
504 3773 567 3838 IX.
615 3771 872 3859 Ἤεσιμασμένσι
890 3781 1021 3872 ρςω
1038 3785 1076 3840 ut
1092 3775 1126 3840 iu
1143 3775 1264 3844 Pesch.
1283 3778 1371 3868 Eph.
1390 3781 1424 3864 2,
1443 3780 1487 3844 10

322 3874 365 3941 cf.
390 3875 467 3941 Pol.
495 3879 515 3941 7
554 3879 690 3972 ,ΝΜῙ
720 3884 832 3970 ψ
862 3869 970 3955 ίθὺυ·
1022 3878 1134 3944 Verba
1165 3889 1299 3968 σχοινίη)
1328 3881 1489 3967 χρώμενοι

322 3975 431 4054 lin-2
449 3979 601 4092 ΝΒ»
618 3976 696 4044 irrue
712 3978 836 4044 sublati
853 3979 944 4043 Arm.
965 3979 1085 4046 omisit.
1126 3979 1330 4080 puts-Ap
1366 3983 1490 4066 Cody

320 4077 484 4170 „passm
500 4080 533 4145 iu
551 4079 665 4146 lexicis
683 4080 904 4164 desideratur,
937 4091 972 4146 et
990 4105 1009 4147 a
1024 4083 1141 4150 Curet.
1160 4085 1193 4148 in
1206 4094 1286 4149 uota
1303 4085 1402 4150 Your
1415 4086 1488 4173 pui-

320 4183 376 4272 iey
394 4160 589 4272 explicatur,
607 4185 630 4249 i.
650 4207 681 4249 e.
701 4182 789 4250 moia
807 4185 955 4272 aquaria.
1001 4185 1056 4252 De
1074 4198 1218 4277 cognato
1236 4179 1329 4274 Ιὺλη
1347 4187 1417 4252 Bar
1435 4187 1486 4250 Al.

320 4318 402 4384 dicit
427 4314 509 4412 pm
528 4310 602 4400 *Aa
617 4301 1254 4416 mutu-afflueres&
1270 4299 1377 4422 3122
1394 4314 1486 4405 usa

319 4457 390 4527 Pro
411 4453 570 4526 ἀνασπᾶν
593 4432 664 4547 ..ii
683 4469 862 4550 usurpatur
887 4459 973 4526 Luc.
997 4463 1055 4546 14,
1077 4464 1111 4528 5.
1164 4459 1365 4552 Legendum
1383 4458 1487 4550 igitur

287 4637 289 4640 ⁴
320 4591 452 4662 videtur
479 4565 594 4673 lig»
622 4599 661 4666 τὸ
686 4593 850 4666 ἀνασπῶν
872 4629 907 4656 =
933 4595 950 4665 ὁ
975 4595 1168 4684 ἀναηωηείς.
1228 4599 1313 4688 Cap.
1337 4597 1382 4664 X.
1410 4597 1487 4685 Syr.
