3500 5525
916 552 937 615 2

826 659 1030 668 -ψ

345 810 429 851 mam
449 811 469 851 a
486 787 618 875 graecis
644 788 887 878 exemplaribus
913 788 1135 857 recedentem.
1191 794 1287 869 Quae
1313 794 1356 861 de
1380 795 1443 861 bac
1461 819 1512 862 re-

343 925 497 991 censione
515 925 602 990 inter
620 926 708 991 viros
727 924 843 992 doctos
862 928 928 992 sint
946 938 1021 993 acta
1029 928 1163 1017 Lipsius
1182 926 1323 1022 relert¹)
1343 932 1448 999 sedet
1465 933 1513 999 illi

343 1085 426 1149 quos
446 1064 544 1129 affert
562 1064 621 1128 riri
641 1088 706 1129 non
726 1065 863 1131 seorsim
883 1064 925 1130 de
944 1066 1089 1132 textibus
1109 1079 1264 1157 egerunt,
1285 1070 1320 1135 id
1338 1070 1427 1158 quod
1445 1072 1512 1159 pri-

342 1222 415 1264 mus
433 1199 513 1266 fecit
530 1201 665 1290 Lipsius
684 1203 806 1291 ipsein
831 1203 915 1269 libro
934 1203 1083 1269 laudato.
1139 1206 1207 1272 Sed
1231 1231 1273 1273 ne
1298 1208 1362 1274 hoc
1380 1208 1513 1296 quidem

342 1337 440 1420 libro,
459 1338 537 1404 licet
554 1362 621 1404 non
638 1341 709 1405 siue
727 1342 877 1407 acumine
896 1342 1096 1429 conscripto,
1116 1344 1343 1429 quaestionem
1358 1345 1513 1411 adfinem

341 1473 538 1561 perductam
557 1499 630 1541 esse
649 1476 833 1542 concedere
846 1500 1032 1564 possumus,
1052 1478 1165 1566 itaque
1184 1502 1285 1567 quum
1302 1503 1355 1545 res
1374 1480 1416 1545 sit
1432 1504 1512 1569 gra-

341 1611 474 1677 vissima
493 1636 559 1677 non
576 1613 693 1679 inutile
711 1614 816 1678 visum
836 1624 887 1681 est
905 1614 1006 1681 etiam
1031 1626 1106 1704 post
1124 1616 1275 1705 Lipsium
1294 1618 1460 1706 inquirere
1479 1618 1511 1682 in

342 1760 496 1815 naturam
516 1749 722 1817 diversarum
740 1753 983 1837 recessionum,
1004 1776 1069 1841 qua
1088 1755 1121 1823 in
1138 1776 1187 1839 re,
1207 1755 1235 1820 si
1254 1754 1333 1841 quid
1350 1755 1512 1820 inveneri-

341 1911 414 1953 mus
433 1886 523 1975 quod
548 1888 625 1954 viris
651 1888 759 1955 doctis
784 1891 1075 1979 comprobabitur,
1107 1901 1243 1981 gratum
1274 1892 1338 1957 erit
1370 1916 1408 1958 ac
1433 1893 1512 1958 satis

341 2048 499 2114 magnum
518 2026 641 2092 laboris
659 2028 854 2115 praemium.
892 2028 961 2095 Sed
981 2038 1158 2116 antequam
1176 2052 1246 2095 rem
1265 2030 1370 2119 ipsam
1389 2053 1511 2119 aggre-

342 2162 450 2228 dimur
478 2163 592 2250 paucis
615 2174 769 2251 repetere
790 2164 942 2253 jurabit,
969 2190 1054 2255 quae
1080 2167 1123 2234 de
1147 2166 1246 2233 variis
1273 2168 1417 2233 textibus
1436 2178 1512 2234 sunt

341 2298 516 2367 monenda.

416 2437 517 2503 Duae
536 2446 669 2503 exstant
685 2436 899 2525 epistolarum
916 2439 1168 2528 Ignatianarum
1185 2445 1395 2517 recensiones
1412 2466 1511 2530 grae-

343 2598 416 2656 cae,
435 2572 542 2662 major
560 2584 596 2639 et
614 2574 732 2656 minor,
751 2574 927 2662 utriusque
946 2599 1026 2641 vcro
1052 2586 1163 2643 textus
1190 2578 1280 2644 haud
1297 2578 1412 2666 paucis
1430 2577 1512 2643 locis

341 2722 393 2780 est
417 2710 549 2778 dubius.
603 2711 847 2779 Recensionem
871 2712 1059 2802 longiorem
1083 2736 1168 2782 unus
1186 2715 1331 2784 Meierus
1353 2716 1511 2784 Giesscn-

341 2845 424 2940 sisi)
444 2847 610 2932 defendit,
637 2873 736 2918 nemo
752 2834 837 2918 nero
859 2849 931 2940 ejus
950 2853 1135 2920 sententiae
1152 2864 1205 2922 est
1223 2853 1438 2943 astipulatus,
1464 2853 1513 2920 ita

341 2997 379 3054 ut
396 2989 438 3054 ab
456 2989 608 3055 omnibus
625 2989 759 3054 brevior
776 2991 927 3056 recensio
946 2991 1112 3078 antiquior
1131 2993 1174 3058 sit
1191 2993 1316 3060 habita.
1368 2992 1512 3060 Omnino

342 3125 518 3192 duodecim
546 3126 708 3214 epistolae
731 3127 857 3215 Ignatii
881 3129 1013 3194 nomine
1038 3140 1114 3194 sunt
1144 3131 1339 3220 inscriptae,
1373 3151 1514 3217 quarum

341 3263 488 3349 quinque
511 3261 555 3326 ad
580 3263 721 3329 Mariam
747 3263 1012 3346 Cassobolitam,
1038 3265 1241 3348 Tarsenses,
1266 3266 1510 3351 Philippenses,

342 3399 578 3480 Antiochenos,
604 3399 778 3466 Heronem
803 3423 876 3465 eam
902 3402 944 3466 ob
969 3423 1116 3484 causam,
1143 3403 1185 3466 ab
1204 3401 1355 3467 omnibus
1378 3401 1512 3487 spuriae

343 3537 520 3621 habentur,
546 3536 636 3624 quod
654 3539 697 3603 ab
715 3536 863 3603 Eusebio
888 3561 952 3603 non
978 3547 1225 3606 enumerantur.
1280 3538 1416 3626 Septem
1433 3536 1511 3602 reli-

342 3698 440 3762 quae,
459 3697 543 3762 quas
560 3675 726 3741 Eusebius
741 3674 868 3757 laudat,
889 3674 932 3742 ad
949 3675 1153 3764 Magnesios‚
1173 3673 1375 3758 Trallianos,
1396 3675 1511 3762 Smyr-

341 3834 456 3895 naeos,
474 3811 770 3900 Philadelpbenos,
787 3811 1026 3901 Polycarpum,
1051 3811 1227 3900 Ephesios,
1246 3812 1429 3893 Romanos,
1449 3810 1512 3878 etsi

341 3971 443 4036 saepe
461 3948 494 4014 in
513 3949 651 4014 dubium
668 3958 823 4031 vocatae,
840 3971 971 4037 semper
989 3950 1031 4015 ab
1050 3949 1121 4016 aliis
1139 3960 1215 4018 sunt
1229 3947 1394 4018 defensae.
1424 3948 1512 4016 'Pras

340 4085 490 4168 ultimae,
517 4086 553 4150 iu
569 4083 739 4152 codicibus
756 4085 1025 4154 Londinensibus
1050 4087 1179 4176 syriace
1195 4087 1362 4170 inventae,
1388 4096 1423 4151 ct
1440 4085 1511 4172 qui-

416 4351 441 4417 ¹)
460 4351 574 4419 Lipsius,
591 4349 685 4402 Ueber
703 4349 752 4402 das
764 4348 934 4402 Verhtltniss
947 4350 995 4406 des
1008 4351 1110 4404 Textes
1123 4350 1173 4404 der
1191 4351 1250 4404 drei
1268 4350 1407 4418 syrischen
1419 4347 1511 4398 Brieie

342 4437 390 4490 des
407 4437 528 4505 Ignatius
546 4453 579 4488 zu
603 4435 657 4487 den
678 4435 797 4504 iibrigen
819 4435 1012 4490 Recensionen
1036 4437 1086 4489 der
1112 4437 1182 4505 ignt.
1210 4437 1364 4488 Litteretur.
1399 4432 1511 4500 Leipzig

343 4521 418 4578 1859.
453 4537 480 4589 p.
501 4523 512 4573 i
536 4537 596 4589 sqq.
689 4554 692 4560 -

414 4625 442 4690 ¹)
461 4623 575 4677 Studien
592 4623 649 4676 und
666 4623 791 4678 Kritikeu
811 4622 889 4694 1836,
907 4623 933 4692 2,
950 4623 1009 4678 340.
