3500 5525
822 545 870 609 73

262 786 521 875 corruptionem.
568 786 677 852 Nemo
694 786 799 875 igitur
815 794 987 874 unguatur
1004 783 1133 851 foetore
1152 784 1323 851 doctrinae
1341 787 1429 874 prin-

261 892 343 979 cipis
368 889 467 978 hujus
493 890 606 955 mundi
631 888 709 979 (τοῦ
726 887 884 975 ἄρχοντος
901 894 959 955 τοῦ
977 890 1096 963 αἰῶνος
1112 886 1262 978 τοῦτον),
1289 913 1331 955 ne
1355 912 1430 978 per-

262 994 371 1061 datur.
399 995 521 1083 Pergit
538 993 659 1059 deinde
677 1014 858 1080 quaerens:
888 993 959 1057 Cur
976 1013 1041 1057 non
1060 1014 1172 1057 omnes
1190 1002 1267 1058 sunt
1284 991 1428 1081 pruden-

261 1109 323 1181 tes,
344 1098 543 1185 accipientes
568 1096 791 1186 cognitionem
815 1096 893 1179 Dei,
921 1117 1009 1183 quae
1031 1096 1140 1183 posita
1165 1107 1217 1161 est
1242 1096 1275 1161 in
1294 1096 1428 1163 Christo

261 1201 365 1267 Jesus
410 1203 481 1267 Cur
504 1201 598 1267 stulti
620 1200 790 1288 perdimur
814 1200 960 1289 gratiam
984 1199 1190 1287 ignorantes,
1215 1222 1313 1287 quam
1341 1200 1429 1269 misit

260 1305 448 1371 Dominus?

340 1408 597 1482 Quaestionibus
615 1407 665 1472 his
683 1417 752 1472 tum
770 1406 950 1496 respondet
963 1430 1036 1495 cap.
1056 1406 1183 1473 XVIH.
1209 1406 1332 1496 Ignatii
1350 1430 1428 1473 con·

261 1509 374 1595 lessio,
399 1513 552 1600 spiritum
569 1534 665 1577 suum
692 1516 866 1601 περίψημα
893 1534 966 1577 esse
984 1510 1102 1592 crucis,
1130 1532 1216 1597 quae
1243 1509 1428 1577 infidelibus

262 1617 305 1680 sit
334 1616 544 1698 scandalum,
580 1613 792 1681 credentibus
829 1637 909 1679 vero
941 1612 1040 1679 salus.
1109 1614 1198 1679 Tum
1233 1614 1327 1681 addit
1364 1620 1430 1681 ποῦ

262 1720 384 1804 σοηδςς
412 1725 478 1787 ποῦ
496 1721 628 1804 συζητῑγς
644 1721 726 1797 κτλ,
750 1717 820 1782 scil.
847 1740 960 1783 omnes
985 1717 1146 1805 sapientia
1170 1728 1247 1783 sunt
1265 1716 1427 1799 destituti,

262 1823 408 1909 quinon
434 1822 592 1901 credunt,
625 1818 642 1887 ὃ
668 1822 728 1904 γάρ
752 1824 829 1895 θεὸς
854 1819 945 1907 ημῶν
970 1823 1013 1905 1η.
1039 1844 1090 1907 χρ.
1123 1820 1329 1907 ἐκυοφορηθη
1361 1824 1428 1887 κτλ.

262 1927 373 2000 Quum
391 1950 470 1992 vero
488 1950 561 2014 cap.
580 1924 690 1991 XVII.
709 1923 840 1990 locutus
858 1924 900 1989 sit
919 1921 961 1989 de
985 1923 1130 1989 δοσωδία
1147 1928 1201 2010 τῆς
1219 1924 1429 1999 διδασκαλίας

260 2032 318 2097 τοῦ
336 2029 494 2116 ἄρχοντος
510 2036 569 2096 τοῦ
586 2031 704 2102 αλώνος
721 2026 850 2105 τοῦτον,
869 2050 943 2115 cap.
957 2025 1054 2093 XIX.
1070 2026 1224 2114 explicat,
1244 2050 1329 2114 quae
1343 2026 1426 2093 haec

261 2133 303 2200 sit
321 2135 476 2211 (incudis,
495 2142 596 2219 atque
620 2131 699 2197 nihil
718 2140 770 2197 est
786 2131 849 2197 nisi
866 2130 1109 2197 haereticorum
1128 2128 1211 2195 falsa
1230 2130 1272 2197 de
1292 2131 1426 2197 Christo

262 2236 424 2317 doctrina,
444 2260 520 2302 nam
538 2259 640 2323 quum
657 2236 802 2301 Satanae
819 2235 948 2299 Mariae
966 2233 1149 2321 virginitas,
1170 2231 1241 2321 ejus
1259 2246 1374 2323 partus
1393 2244 1427 2301 et

260 2363 349 2405 mors
374 2338 497 2405 domini
528 2340 593 2404 sint
621 2340 739 2429 ignota
762 2339 862 2405 etiam
887 2337 1062 2421 haeretici,
1094 2338 1151 2425 qui
1175 2338 1319 2403 Satanae
1350 2348 1427 2405 sunt

262 2444 360 2525 servi,
387 2442 504 2507 harum
527 2466 638 2508 rerum
664 2453 790 2508 rectam
808 2443 1032 2532 cognitionem
1051 2464 1116 2507 non
1135 2451 1272 2529 possunt
1289 2441 1424 2509 habere.

261 2546 439 2620 Quomodo
466 2570 556 2631 vero,
583 2546 704 2612 deinde
728 2547 856 2635 pergit,
884 2546 967 2612 haec
991 2545 1055 2611 tria
1082 2545 1238 2633 mysteria
1260 2544 1425 2629 clamoris,

261 2652 404 2738 quaein
428 2650 558 2716 silentio
584 2660 661 2716 sunt
691 2649 856 2739 perfecta,
891 2648 1012 2715 mundo
1043 2658 1119 2715 sunt
1144 2647 1314 2716 revelata?
1358 2648 1427 2714 Per

203 2804 207 2808 x
260 2769 386 2820 astrum
404 2752 633 2845 (Magorum),
653 2779 672 2819 a
691 2777 757 2842 quo
776 2753 899 2842 incepit
916 2755 953 2820 τὸ
972 2754 1064 2840 παρὰ
1082 2759 1152 2841 θεῷ
1170 2750 1425 2840 άπηρτισμένον.

259 2858 353 2923 Finis
370 2882 450 2947 uero
469 2857 565 2946 hujus
581 2857 789 2924 revelationis
803 2867 854 2922 est
868 2855 1018 2924 θανάτου
1034 2855 1217 2932 κατάλυσις.
1247 2858 1330 2946 Cap.
1346 2857 1423 2924 XX.

259 2961 435 3049 pollicetur
453 2984 489 3025 se
507 2960 571 3025 alia
590 2961 741 3048 epistola,
760 2985 858 3049 quam
876 2960 919 3025 sit
936 2961 1129 3048 scripturus,
1149 2959 1303 3048 Ephesiis
1322 2961 1424 3024 mani-

259 3063 457 3130 festaturum
471 3087 555 3147 esse,
571 3064 701 3150 qualem
717 3065 1007 3152 dispensationem,
1023 3066 1223 3148 οἰκονομίαν,
1242 3063 1274 3128 in
1290 3063 1424 3129 Christo

259 3168 429 3255 inceperit.
476 3169 669 3255 Sequuutur
698 3168 818 3234 deinde
849 3168 1075 3234 salutationes.
1129 3167 1278 3254 Apparet
1309 3167 1443 3255 igitur,

260 3294 358 3358 quam
376 3272 509 3336 strictus
527 3272 570 3336 sit
587 3273 786 3337 recensionis
804 3295 949 3362 graecae
976 3293 1092 3352 nexus,
1120 3293 1227 3358 neque
1246 3269 1425 3358 quidquam

259 3376 292 3439 in
318 3399 357 3441 ea
382 3376 478 3459 inest,
504 3375 594 3463 quod
619 3375 760 3466 intelligi
786 3399 852 3442 non
875 3376 992 3464 possit,
1015 3397 1116 3463 quum
1140 3374 1291 3464 singulae
1315 3374 1424 3457 ideae,

260 3501 345 3566 quae
364 3479 416 3545 hic
434 3490 613 3546 occurrunt
630 3491 665 3546 et
683 3479 772 3568 apud
786 3480 866 3545 alios
885 3480 1062 3568 scriptores
1081 3477 1246 3568 legantur.
1275 3478 1424 3544 Primum

258 3582 418 3669 μυστήρια
435 3589 571 3670 κραυγῆς
588 3582 685 3648 άτινα
703 3585 740 3650 ἐν
756 3582 873 3670 ησυχίηι
891 3588 973 3650 θεοῦ
992 3580 1143 3668 ἐπράχθη
1161 3591 1237 3646 sunt
1256 3582 1423 3669 mysteria,

260 3708 346 3772 quae
363 3709 450 3751 nunc
473 3696 551 3751 sunt
575 3685 757 3771 diffamata,
785 3696 883 3753 antea
898 3708 976 3752 vero
1002 3684 1035 3749 in
1053 3683 1128 3750 Deo
1155 3683 1284 3750 occulta
1311 3695 1424 3764 erant3

259 3788 410 3875 ἐπράχθη
430 3788 521 3872 dicit,
547 3790 637 3876 quod
655 3791 740 3856 velle
758 3802 792 3857 et
810 3789 944 3856 allicere
961 3790 994 3854 in
1012 3787 1087 3852 Deo
1107 3797 1157 3852 est
1174 3786 1272 3854 idem.
1311 3787 1424 3854 Simile

259 3892 339 3979 quid
356 3892 483 3958 Paulus
502 3893 582 3958 dicit
605 3896 713 3960 lCor.
736 3898 770 3979 2,
788 3899 808 3960 7
828 3897 990 3978 λαλοῦμεν
1008 3898 1089 3958 θεοῦ
1108 3897 1233 3978 σοφίαν
1250 3891 1287 3958 ἐν
1303 3911 1423 3979 μυστη-

259 4002 337 4083 ρίῳ,
360 3999 418 4083 την
435 3994 739 4084 ἀποκεκρυμμένην,
757 3997 797 4085 ἣν
814 3997 1000 4086 προώρισεν
1015 3993 1031 4063 ὃ
1047 3996 1124 4080 {lagia
1137 3996 1202 4080 πρὸ
1216 4001 1282 4062 τών
1296 3993 1426 4062 αἰώνων

258 4095 1425 4188 είςδόξανῆμών,ἣνοάδεὶςτώνάρχόντωντοῦοιῖώνοςτοῦ-

258 4224 328 4265 του
348 4200 547 4282 ἔγνωκεν,
579 4203 609 4266 εἰ
638 4204 698 4289 γάρ
724 4203 873 4283 ἔγνωσαν
898 4201 954 4270 οῦκ
981 4201 1022 4269 δν
1047 4204 1106 4270 τὸν
1131 4199 1242 4288 κύριον
1265 4207 1317 4286 τῆς
1336 4195 1426 4288 δόξης

257 4300 474 4391 ἐσταύρωσαν
493 4351 500 4367 .
521 4351 529 4367 .
551 4351 583 4368 ..
602 4301 677 4388 ἡμῖν
696 4301 944 4397 δ’άπεκάλυψεν
962 4303 979 4372 ὃ
998 4307 1075 4380 θεὸς
1093 4306 1147 4372 διὰ
1164 4309 1222 4371 τοῦ
1240 4303 1426 4387 πνεύματος

258 4403 369 4476 αὐτοῦ.
422 4404 475 4472 Cf.
496 4414 530 4472 et
554 4405 627 4472 Col.
652 4409 685 4491 l,
712 4408 759 4472 26
785 4409 822 4473 τδ
844 4407 1024 4496 μυστήριον
1050 4407 1334 4496 ἀποκεκρυμμένον
1357 4403 1424 4476 άπδ

257 4515 324 4576 τών
342 4510 472 4578 αἰώνων
485 4518 539 4576 καὶ
557 4507 625 4578 άπὸ
643 4515 710 4577 τών
727 4517 857 4593 γενεῶν,
883 4520 953 4577 νυνὶ
972 4513 1007 4577 δὲ
1025 4511 1221 4602 ἐφανερώθη
1240 4521 1306 4583 τοῖς
1324 4508 1425 4594 ἁγίοις

258 4610 378 4692 αῦτοῦ,·
420 4615 541 4681 arim.
566 4616 598 4699 l,
619 4616 641 4681 9
663 4664 671 4679 .
694 4663 731 4680 ..
767 4611 836 4682 κατ’
866 4617 955 4682 ίδίαν
979 4612 1143 4702 πρόθεσιν
1169 4623 1223 4682 καὶ
1247 4613 1344 4703 χάριν
1366 4616 1425 4702 την
