3500 5525
904 566 949 629 12

341 804 597 888 communicare,
622 826 665 871 ne
683 804 804 871 damno
823 804 1008 871 afficiamur
1026 804 1099 871 'Prl
1121 806 1156 886 5,
1185 806 1291 893 ipsum
1319 822 1399 867 vero
1417 822 1512 867 reve·

342 906 483 974 lotiones
501 908 670 997 accepisse
692 908 863 998 colligitur
888 908 967 975 locis
990 908 1078 998 pr.
1101 910 1161 991 20,
1187 906 1298 973 Phild.
1322 911 1341 971 7
1347 956 1356 989 ,
1383 908 1452 971 Sm.
1476 906 1509 969 3.

419 1012 518 1077 Haec
534 1010 606 1077 lere
624 1011 666 1077 de
685 1022 883 1101 argumento
903 1022 999 1078 erant
1026 1011 1179 1096 dicenda,
1206 1010 1345 1077 vidimus
1371 1006 1510 1073 eundem

342 1112 527 1180 doctrinam
541 1116 693 1180 omnibus
705 1115 814 1181 inesse
825 1115 985 1204 epistolis,
995 1115 1128 1181 easdem
1137 1114 1292 1181 haereses
1305 1116 1346 1181 ab
1361 1112 1511 1179 omnibus

340 1216 529 1307 impugnari
538 1212 579 1308 ¹),
595 1218 714 1285 eodem
728 1218 827 1285 modo
840 1219 874 1283 in
888 1220 1038 1286 omnibus
1054 1230 1169 1285 contra
1183 1218 1368 1284 haereticos
1383 1217 1512 1304 episco-

341 1330 455 1408 patum
475 1322 709 1389 commendari.
739 1322 806 1397 Qui
824 1323 928 1411 igitur
946 1346 1014 1405 eas,
1033 1346 1115 1409 quas
1129 1345 1253 1411 graece
1266 1332 1396 1387 tantum
1409 1320 1511 1385 habe-

342 1446 415 1489 rnus
431 1426 560 1512 spurias
578 1426 712 1505 babent,
732 1427 832 1491 etiam
850 1449 920 1507 eas,
940 1449 1022 1513 quas
1041 1436 1075 1491 et
1093 1426 1221 1515 syriace
1246 1426 1416 1509 habemus,
1445 1446 1511 1488 non

342 1538 480 1615 possunt
497 1530 583 1593 bene
600 1527 792 1610 defendere,
820 1552 921 1616 quum
948 1540 1106 1617 quantum
1131 1529 1203 1594 fieri
1227 1529 1336 1617 potuit
1356 1526 1426 1617 jam
1452 1526 1509 1592 de-

341 1641 559 1697 monstratum
578 1632 633 1715 sit,
652 1633 739 1698 inter
753 1631 938 1698 doctrinam
952 1644 1062 1699 textus
1077 1632 1198 1721 syriaci
1212 1643 1246 1697 et
1260 1632 1376 1721 graeci
1395 1630 1510 1697 discri-

344 1758 419 1799 men
436 1758 503 1800 non
515 1736 634 1802 inesse.
662 1736 812 1801 Utuntur
826 1735 1016 1803 defensores
1031 1738 1107 1825 Syri
1122 1746 1319 1825 argumento
1334 1759 1353 1801 e
1367 1734 1509 1818 silentio,

344 1836 469 1927 atejus
487 1840 537 1905 ris
554 1862 614 1928 per
632 1864 669 1905 se
687 1839 777 1905 baud
795 1864 916 1930 magna
930 1841 1087 1905 minuitur
1100 1841 1201 1905 etiam
1219 1839 1399 1929 Polycarpi
1416 1838 1510 1905 testi-

344 1942 466 2007 monio.
511 1943 598 2009 Nam
617 1967 719 2031 quum
744 1944 958 2027 contendant,
982 1944 1157 2010 Irenaeum
1182 1954 1217 2010 et
1234 1944 1428 2033 origenem,
1454 1941 1511 2028 qui

342 2044 435 2111 locos
461 2046 591 2135 syriace
615 2059 783 2114 exstantes
815 2058 944 2114 tantum
975 2047 1153 2128 landerici,
1182 2070 1322 2136 graecas
1354 2044 1510 2134 epistolas

306 2180 308 2184 ¹
342 2147 488 2213 nondum
507 2148 673 2233 babuisse,
692 2151 872 2240 Polycarpi
890 2152 999 2228 locum
1016 2152 1204 2241 negligunt.
1240 2149 1353 2216 Locus
1371 2159 1422 2215 est
1439 2148 1509 2213 hic:

345 2250 555 2340 „Scripsistis
581 2252 661 2318 mibi
686 2263 721 2318 et
738 2278 796 2319 ros
815 2264 850 2319 et
867 2255 1031 2343 Ignatius,
1058 2266 1096 2320 ut
1118 2255 1145 2319 si
1173 2253 1245 2342 quis
1271 2253 1362 2319 vadit
1386 2251 1429 2319 ad
1448 2252 1510 2340 Sy-

343 2355 439 2437 riam,
459 2354 589 2422 delerat
607 2356 720 2422 literas
739 2380 842 2438 meas,
868 2380 951 2444 quas
970 2358 1081 2423 fecero
1102 2358 1144 2423 ad
1162 2381 1234 2439 vos,
1253 2358 1281 2422 si
1299 2356 1511 2422 habuerimus

342 2468 473 2548 tempus
492 2470 727 2548 opportunum,
753 2461 823 2526 sire
848 2482 925 2548 ego,
952 2482 1012 2523 seu
1037 2460 1169 2547 legatus
1194 2482 1292 2546 quem
1311 2460 1431 2525 misero
1449 2480 1510 2545 pro

340 2562 445 2627 robis.
490 2562 660 2651 Epistolss
685 2586 764 2629 sane
788 2563 930 2651 Ignatii,
964 2584 1050 2649 quae
1082 2563 1295 2627 transmissae
1319 2570 1395 2625 sunt
1416 2560 1510 2624 vobis

341 2662 414 2754 (gr.
433 2662 528 2755 ἡμῖν)
555 2676 589 2731 et
615 2666 697 2731 alias
715 2676 987 2753 quantascunque
1012 2664 1101 2753 apud
1118 2688 1178 2731 nos
1198 2664 1383 2747 habuimus,
1402 2673 1510 2728 trans-

341 2769 488 2834 misimus
516 2771 619 2854 vobis,
643 2771 824 2836 secundum
839 2769 929 2858 quod
944 2769 1136 2851 mandastis,
1152 2793 1238 2857 quae
1252 2779 1328 2834 sunt
1342 2766 1511 2857 subjectae

342 2872 419 2938 buic
436 2873 615 2961 epistolae:
643 2898 684 2939 ex
703 2875 822 2962 quibus
836 2892 982 2964 magnus
1000 2875 1092 2940 vobis
1107 2875 1171 2940 erit
1184 2873 1376 2963 profectus.
1396 2923 1403 2938 .
1421 2867 1509 2961 .“‘²).

340 2975 476 3065 Lipsius
501 2978 647 3066 quidem,
673 2979 822 3066 quamvis
848 2977 1010 3044 concedat
1034 2978 1196 3066 pluralem
1218 2975 1394 3052 ἐπιστολάς
1419 2974 1510 3041 facil-

341 3080 419 3146 lime
437 3079 480 3146 ad
497 3081 622 3170 Ignatii
640 3082 798 3171 epistolas
817 3082 860 3148 ad
878 3083 1104 3171 Polycarpum
1123 3093 1157 3148 et
1178 3082 1220 3148 ad
1239 3085 1439 3171 Smymaeos
1458 3102 1510 3144 re-

340 3182 432 3266 ferri,
451 3194 563 3249 tamen
582 3185 645 3250 boc
670 3186 907 3269 testimonium,
940 3209 1006 3272 quo
1031 3207 1098 3250 una
1125 3197 1216 3250 certe
1242 3184 1392 3272 epistola,
1426 3205 1511 3270 quse

342 3286 473 3374 syriace
491 3309 557 3351 non
575 3298 695 3368 exstat,
715 3287 905 3353 defenditur
918 3310 1053 3375 prorsus
1067 3283 1227 3377 rejicitt).
1256 3287 1406 3350 Primum
1425 3286 1511 3350 enim

342 3389 435 3472 dicit,
460 3389 513 3454 vix
540 3391 652 3456 statim
677 3401 753 3478 post
769 3390 893 3479 Ignatii
920 3401 1060 3455 mortem
1086 3387 1156 3477 ejus
1175 3389 1332 3476 epistolas
1351 3411 1424 3454 esse
1443 3388 1511 3454 col-

342 3491 458 3576 lectas,
487 3492 607 3558 deinde
634 3516 768 3580 quoque
786 3492 967 3576 contendit,
993 3491 1172 3580 Polycarpi
1191 3491 1299 3557 verbis
1317 3491 1420 3574 innui,
1447 3492 1512 3557 sin-

340 3595 439 3684 gulas
457 3595 614 3662 ecclesias
632 3595 689 3662 illo
708 3607 858 3685 tempore
872 3606 981 3663 certos
997 3597 1128 3661 nuntios
1143 3597 1204 3661 sibi
1218 3596 1357 3661 invicem
1372 3596 1510 3677 misisse,

342 3698 432 3787 quod
450 3701 492 3765 ab
510 3698 598 3765 illius
616 3700 774 3786 temporis
792 3699 1003 3788 simplicitate
1022 3695 1250 3790 abhorreatl).
1286 3699 1387 3775 Quod
1405 3699 1510 3788 primo

340 3803 415 3870 loco
435 3795 515 3869 dicit
534 3803 675 3869 libenter
691 3803 922 3885 concedimus;
951 3815 985 3870 at
1002 3803 1183 3894 Polycarpi
1201 3804 1341 3892 epistola
1359 3826 1425 3869 non
1446 3814 1511 3868 sta-

419 4053 441 4122 ¹)
458 4055 491 4106 In
515 4069 577 4122 epp.
601 4056 713 4122 syriacis
740 4071 823 4106 unam
850 4059 955 4106 tantum
983 4054 1108 4106 haeresin
1136 4054 1291 4122 impugnari
1319 4070 1379 4105 cum
1408 4055 1467 4106 aliis
1486 4060 1513 4105 et

339 4140 445 4208 Lipsius
463 4140 612 4192 contendit
647 4141 777 4208 Niedner,
795 4140 906 4192 Ztsehlt.
932 4141 975 4191 sflr
993 4140 1052 4192 hist
1076 4139 1160 4192 theol.
1183 4137 1257 4208 1856,
1278 4141 1300 4208 l,
1318 4155 1344 4207 p.
1363 4139 1406 4193 36.
1443 4138 1511 4190 lbid.

341 4225 418 4294 1851,
435 4242 462 4294 p.
480 4225 541 4280 291.

412 4311 440 4377 ’)
459 4312 552 4379 Polyc.
570 4312 607 4364 ad
620 4312 735 4380 Philipp.
755 4311 796 4367 13.
815 4311 919 4364 Textus
937 4326 1051 4380 graecus
1069 4309 1142 4378 apud
1161 4309 1308 4364 Eusebium
1327 4309 1359 4360 H.
1377 4308 1409 4359 E.
1426 4305 1510 4374 11111

338 4391 388 4459 τὰς
405 4391 545 4459 ἐπιστολὰς
559 4391 694 4464 Ἰγνατίου
711 4391 762 4459 τὰς
777 4396 948 4464 πεμφθείσας
964 4390 1028 4464 ἡμῖν
1044 4388 1089 4448 ὑπ’
1109 4393 1202 4448 αὐτοῦ.

413 4483 441 4549 ⁸)
459 4482 574 4551 Lipsius,
592 4484 685 4537 Ueber
703 4484 752 4536 das
770 4483 912 4536 Verhitltn.
932 4483 981 4534 der
1000 4482 1059 4534 drci
1076 4498 1130 4548 syr.
1150 4480 1240 4531 Briefe
1260 4484 1310 4530 etc.
1328 4493 1354 4546 p.
1376 4476 1415 4530 12.

410 4567 438 4633 ⁴)
457 4568 497 4621 Ib.
515 4584 543 4636 p.
565 4568 615 4623 13:
633 4569 700 4622 Dies
718 4575 786 4623 setzt
804 4571 849 4622 ein
867 4567 1033 4636 vollsttndig
1051 4567 1227 4636 organisirtes
1245 4563 1330 4616 Brief·
1344 4563 1401 4616 und
1413 4564 1512 4617 Boten-

339 4660 444 4724 system
462 4669 570 4708 vorsus.
