3500 5525
903 565 951 631 26

344 804 513 890 exhibent,
537 828 600 872 nee
617 805 723 871 minus
741 805 870 871 omissis
888 805 997 871 verbis
1022 805 1057 872 ἐκ
1075 808 1209 891 Μαρίας
1226 810 1300 893 τῆς,
1325 828 1412 894 quae
1436 815 1514 871 sunt

341 909 690 998 interpretamentum,
722 909 807 975 haee
836 908 1014 976 habemus:
1055 912 1408 999 πεπληροφορημένοος
1431 906 1511 999 (ί)

339 1009 470 1099 άληθῶς
487 1014 532 1088 εἷς
548 1014 608 1080 τὸν
630 1011 742 1101 ιιάριον
765 1012 856 1100 ἡμῶν
883 1015 978 1097 [θεοῦ
994 1011 1080 1097 vido]
1106 1008 1187 1079 ὄντα
1210 1014 1246 1081 ἐκ
1269 1018 1381 1095 γένους
1406 1014 1512 1093 Assio

338 1117 425 1181 κατὰ
442 1113 568 1204 σάρκα,
600 1117 636 1182 ἐκ
665 1122 856 1202 παρθένον,
887 1120 1149 1201 βεβαπτισμένον
1169 1113 1238 1184 ’ὑπὸ
1259 1113 1435 1198 Ἰωάννου,
1452 1119 1510 1181 ἵνα

338 1221 498 1314 πληρωθῇ
520 1225 617 1286 πάσα
635 1218 824 1306 δικαιοσύνη
839 1216 895 1286 ὑπ’
914 1216 1029 1299 adnot,
1054 1220 1110 1286 ἐπὶ
1131 1222 1273 1287 Ποντίαν
1294 1217 1438 1287 Πιλάτου
1455 1227 1511 1284 καὶ

332 1319 481 1410 Ἡρώδου
497 1328 557 1389 τοῦ
573 1321 753 1408 τετράρχου
770 1325 1005 1408 καθηλωμένον
1029 1318 1112 1407 irtio
1137 1319 1226 1408 ἡμῶν
1252 1324 1290 1391 ἐν
1313 1330 1410 1406 σαρκί
1435 1318 1510 1407 άλη-

339 1431 421 1500 θῶς.
474 1424 604 1500 Quodsi
621 1424 694 1514 ejus
717 1426 766 1491 rei
794 1426 956 1492 rationem
981 1426 1159 1510 habemus,
1186 1425 1277 1513 quod
1303 1427 1405 1491 verba
1428 1430 1511 1493 θεοῦ

339 1528 413 1595 οἷον
430 1552 506 1595 oum
524 1528 753 1595 additamento
771 1540 849 1595 suut
862 1527 991 1618 juncta,
1018 1527 1162 1617 ideoque
1179 1528 1264 1595 infra
1282 1530 1415 1611 omissa,
1442 1550 1509 1616 quo

339 1630 429 1697 lacto
448 1631 531 1697 ordo
549 1632 737 1699 necessario
755 1631 872 1699 debuit
894 1633 1022 1699 turbari
1049 1643 1083 1699 et
1101 1632 1190 1720 quod
1216 1634 1325 1699 verba'
1342 1632 1427 1697 κατά
1451 1636 1509 1699 θί-

337 1737 424 1821 λημα
441 1743 495 1801 καί
513 1735 654 1820 δύναμιν
671 1742 754 1803 θεοῦ
770 1742 982 1822 γεγενημένον
1008 1746 1084 1801 sunt
1101 1737 1233 1821 omissa,
1259 1758 1346 1824 quae
1364 1744 1399 1801 et
1415 1736 1506 1801 Arm.

341 1848 377 1905 et
393 1837 513 1928 fragm.
534 1840 650 1906 Severi
668 1838 914 1922 commendant,
941 1838 1031 1905 haud
1049 1850 1176 1907 temere
1193 1840 1320 1929 opinari
1345 1838 1435 1919 lieet,
1459 1838 1508 1903 in-

339 1942 579 2031 terpolatorem
605 1941 747 2009 eundem
771 1942 926 2009 habuisse
950 1952 1090 2027 textum,
1122 1942 1212 2031 quod
1241 1943 1269 2009 si
1298 1952 1427 2009 rectum
1458 1950 1510 2007 est

340 2044 577 2111 Theodoretus
593 2069 660 2112 uno
678 2046 753 2112 loeo
777 2049 1132 2134 πεπληροφορημένοος
1154 2044 1286 2133 άληθῶς
1309 2068 1383 2111 cum
1401 2044 1508 2133 Lipsii

338 2149 383 2226 B,
402 2147 509 2214 altero
527 2145 658 2235 άληθῶς
680 2150 736 2215 ἐπὶ
757 2153 856 2217 Ποντ.
884 2171 958 2215 oum
982 2149 1090 2238 Lipsii
1117 2151 1146 2215 A
1170 2150 1339 2231 convenit,
1363 2147 1508 2234 θεάτητα

338 2273 419 2316 sero
437 2274 499 2339 pro
522 2254 652 2337 θέλημα
677 2249 772 2341 (Syr.
791 2244 896 2373 llos)
921 2252 1039 2319 falsum
1065 2262 1126 2319 est.
1181 2254 1275 2319 Siout
1292 2276 1334 2317 ex
1352 2251 1415 2318 hoo
1433 2250 1507 2317 loeo

339 2354 387 2421 ita
405 2366 441 2421 et
457 2379 477 2421 e
494 2355 615 2421 esteris
633 2355 748 2445 colligi
765 2378 830 2421 non
849 2366 971 2444 potest,
987 2356 1240 2423 Theodoretum
1258 2356 1315 2421 uni
1334 2365 1392 2421 aut
1409 2353 1506 2423 alteri

336 2456 482 2525 familiae
500 2482 574 2525 esse
592 2458 843 2525 accensendum.
899 2459 1043 2525 Omnino
1068 2482 1148 2525 vero
1174 2458 1237 2526 hae
1254 2460 1287 2525 in
1305 2482 1343 2525 re
1361 2459 1395 2525 id
1412 2457 1504 2523 ride-

336 2572 393 2627 tur
409 2561 603 2645 notandum,
623 2561 713 2650 quod
726 2562 861 2650 Lipsius
880 2584 937 2627 eos
956 2561 1047 2627 looos
1065 2585 1131 2628 non
1149 2563 1288 2629 multum
1306 2571 1413 2643 eurat,
1432 2561 1505 2648 qui-

336 2666 398 2731 bus
418 2669 447 2731 A
465 2688 485 2730 a
503 2665 643 2731 testibus
660 2666 728 2731 suis
742 2664 881 2748 recedit,
898 2688 955 2731 eos
970 2675 1082 2731 autem
1095 2666 1226 2755 premit,
1242 2690 1325 2755 quos
1343 2668 1374 2733 B
1390 2664 1503 2747 habet,

336 2770 486 2857 quamvis
509 2769 700 2859 saepissime
724 2793 790 2836 non
813 2769 1103 2852 demonstraverit,
1129 2770 1203 2838 illos
1227 2795 1300 2836 esse
1325 2769 1504 2859 originales

336 2895 446 2960 neque
463 2872 709 2961 interpolatoris
728 2896 823 2962 opus.
878 2873 955 2939 Non
978 2875 1065 2941 enim
1082 2873 1179 2942 facile
1197 2873 1262 2940 diei
1280 2883 1403 2963 potest,
1422 2895 1504 2960 qua-

335 2987 432 3044 tenus
449 2977 668 3066 interpolator
685 2986 813 3043 textum
831 2976 1081 3061 adulteraverit,
1108 2979 1154 3044 ita
1171 2988 1210 3044 ut
1227 3001 1293 3044 non
1310 2979 1381 3044 sine
1399 2989 1502 3045 teme·

334 3082 436 3148 ritate
454 3080 497 3146 de
514 3082 655 3164 ratione,
681 3103 767 3168 quae
784 3080 924 3147 interest
948 3083 1035 3148 inter
1058 3092 1237 3170 utrumque
1254 3090 1393 3164 textum,
1420 3080 1503 3148 oerti

336 3184 418 3271 quid
435 3184 538 3248 statui
555 3185 670 3271 possit.
724 3185 832 3252 Affert
848 3185 983 3272 Lipsius
1002 3187 1071 3252 Sm.
1093 3187 1134 3267 3;
1162 3186 1300 3274 quaein
1326 3187 1356 3250 B
1379 3207 1421 3250 ex
1440 3183 1503 3250 hoo

338 3287 448 3374 eapite
465 3285 624 3374 leguntur
641 3309 717 3352 eum
734 3292 765 3352 A
785 3288 996 3372 conveniunt,
1021 3289 1147 3355 Euseb.
1167 3311 1311 3377 quoque,
1331 3288 1387 3376 qui
1405 3289 1436 3353 B
1453 3286 1503 3360 di-

337 3389 425 3455 eitur
441 3387 597 3455 habuisse
614 3390 716 3456 verba
739 3387 841 3458 αὐτοῦ
864 3389 997 3482 ἥψαντο
1015 3400 1068 3457 καί
1093 3389 1230 3482 (daron)
1256 3389 1388 3479 adjicit3
1416 3412 1502 3477 quae

339 3491 459 3558 desunt
475 3502 613 3582 propter
631 3492 858 3560 additamenta
874 3492 1029 3560 ridentur
1046 3493 1165 3584 ejecta,
1192 3505 1226 3560 et
1244 3494 1307 3560 hoo
1325 3517 1426 3582 quum
1443 3493 1502 3560 Li-

336 3597 426 3686 psius
445 3597 571 3664 nesoiat
588 3620 655 3664 non
674 3596 775 3664 debet
792 3598 826 3662 in
844 3620 941 3664 suum
966 3620 1063 3664 usum
1085 3608 1217 3664 vertere
1243 3597 1355 3664 dicens
1381 3622 1414 3686 p.
1436 3598 1500 3662 592

336 3724 386 3768 wo
405 3700 605 3766 namentlich
623 3700 677 3768 die
694 3700 817 3766 letzten
831 3701 950 3767 Worte
968 3699 1009 3776 ὡς
1027 3700 1176 3788 σαρκικός
1192 3704 1259 3768 κτλ.
1278 3701 1369 3767 nioht
1386 3699 1501 3767 noth-

335 3804 501 3892 wendig
517 3805 551 3868 in
568 3803 679 3892 Folge
697 3802 758 3869 der
776 3804 912 3869 weitern
930 3804 1075 3870 Zusiitze
1093 3803 1152 3871 des
1170 3804 1411 3893 Interpolators
1430 3803 1501 3869 hin-

335 3905 564 3994 ausgeworfen
582 3929 624 3972 zu
641 3906 712 3972 sein
735 3906 957 3972 brauohen.
1011 3906 1083 3972 Imo
1107 3931 1173 3974 non
1191 3908 1272 3974 levis
1292 3919 1343 3974 est
1360 3908 1500 3974 mutatio

333 4010 511 4074 verborum
529 4007 731 4094 ultimorum,
748 4007 879 4074 Theod.
896 4019 931 4073 et
944 4011 1034 4074 Arm.
1055 4007 1097 4085 ὡς
1109 4017 1267 4098 σαρκικῶς
1283 4021 1338 4078 καὶ
1355 4037 1500 4096 πνευμα-

331 4117 425 4187 τικῶς
447 4108 609 4199 ἣνωμένος
633 4113 699 4178 vim
723 4111 885 4178 enuntiati
916 4122 1127 4199 pervertunt,
1153 4137 1255 4202 quum
1279 4115 1313 4180 in
1336 4115 1444 4180 verbis
1469 4117 1500 4178 Α

331 4220 489 4283 σονέπιεν
505 4211 654 4306 (αἰτοῖς)
673 4213 714 4290 ὥς
732 4215 881 4300 σαρκικός
898 4221 1016 4300 καίπερ
1030 4225 1253 4301 πνενματικῶς
1270 4217 1369 4304 ἣναιμ.
1389 4215 1499 4280 omnia

331 4320 366 4385 in
379 4319 587 4408 oppositione
601 4320 823 4384 membrorum
835 4317 901 4384 siut
913 4320 1033 4408 posita,
1049 4343 1148 4407 quam
1162 4320 1208 4386 illi
1222 4320 1352 4387 tollunt.
1378 4318 1461 4404 Cap.
1475 4317 1497 4380 4

332 4421 465 4489 Theod.
485 4445 561 4488 oum
577 4425 609 4489 B
626 4421 727 4488 habet
749 4426 796 4508 τῷ
823 4421 942 4503 δοκεῖν,
969 4428 1001 4488 Α
1018 4425 1056 4492 τὸ
1081 4426 1206 4501 doxain
1233 4423 1281 4488 sie
1305 4430 1340 4486 et
1365 4419 1499 4486 ἔκδοτον

330 4525 485 4610 ἐμαυτὸν,
501 4527 532 4590 Α
550 4523 677 4594 ἑαυτὸν.
709 4525 821 4590 Verba
838 4524 982 4614 denique
1000 4523 1068 4592 ἀλλ’
1086 4523 1175 4611 ἐγγὺς
1191 4529 1354 4611 μαχαίρας
1371 4558 1422 4572 -
1439 4521 1498 4606 μά-

331 4653 391 4697 νον
406 4628 445 4697 ἐν
461 4629 552 4696 Arm.
572 4627 684 4715 habet,
712 4627 844 4696 Theod.
871 4653 988 4698 eorum
1006 4639 1134 4720 partem
1153 4652 1218 4698 non
1236 4628 1343 4696 solum
1361 4627 1497 4713 omittit,
