3500 5525
565 1788 1062 1921 PROOEMIUM.

760 2098 863 2109 ...n—a

225 2292 423 2407 Doctrinae
441 2345 476 2400 et
494 2334 645 2401 instituta
668 2333 830 2401 ecclesiae
853 2333 1021 2422 primaeve
1045 2333 1239 2423 perquirere
1257 2330 1395 2421 ejusque

227 2472 397 2539 historiam
415 2472 626 2539 conscribere
643 2482 759 2538 nostro
777 2481 930 2560 tempore
948 2469 1098 2560 theologi
1112 2469 1246 2558 quidam
1266 2492 1305 2535 ao
1322 2468 1395 2557 phi-

226 2610 356 2699 losophi
373 2611 420 2676 ita
438 2610 663 2695 instituerunt,
688 2621 727 2676 ut
753 2632 869 2677 eorum
893 2609 1000 2675 viaet
1024 2609 1111 2675 ratio
1129 2631 1214 2674 nova
1233 2631 1272 2673 ao
1290 2629 1396 2695 paene

226 2746 378 2815 inaudita
396 2772 416 2814 a
434 2748 555 2815 ceteris
580 2748 623 2815 sit
648 2748 772 2815 habita.
827 2748 903 2823 Quo
928 2745 1037 2833 iacto,
1064 2769 1166 2836 quum
1189 2745 1229 2812 lis
1254 2744 1397 2812 maxima

226 2888 314 2953 inter
330 2887 420 2952 viros
439 2885 555 2951 doctos
576 2886 619 2950 sit
643 2895 761 2950 exorta
784 2886 906 2950 iterum
930 2886 1117 2971 iterumque
1143 2883 1186 2950 ad
1211 2882 1318 2949 tontes
1338 2881 1396 2949 de-

226 3023 387 3089 scendere
413 3023 521 3085 coacti
548 3021 725 3085 maximum
749 3019 910 3085 librorum
928 3043 1098 3085 numerum
1125 3029 1394 3108 composuerunt,

228 3179 370 3244 quorum
393 3155 483 3221 haud
506 3156 605 3245 pauci
639 3167 674 3222 et
708 3156 752 3223 ad
787 3155 945 3246 epistolas
970 3156 1186 3247 Iugnatianas
1217 3157 1395 3246 pertinent,

227 3294 352 3382 quippe
378 3316 464 3380 quae
495 3292 663 3359 doctrinas
687 3295 900 3383 gravissimas
930 3293 1101 3360 tradentes
1131 3317 1197 3360 non
1229 3295 1397 3360 minimum

228 3431 315 3496 inter
332 3431 453 3496 veteris
472 3431 636 3497 ecclesiae
653 3442 865 3499 monumenta
891 3433 1040 3498 obtinent
1056 3431 1177 3497 iocum.
1232 3431 1301 3498 Sed
1320 3432 1397 3498 viris

227 3567 292 3633 iliis
312 3579 545 3657 argumentum
563 3568 674 3656 potius
692 3567 786 3634 cordi
804 3579 877 3634 erat
903 3591 1002 3656 quam
1021 3567 1138 3648 forma,
1157 3591 1258 3656 quum
1277 3568 1320 3635 de
1338 3592 1396 3634 au-

226 3705 355 3771 thentia
373 3705 483 3793 potius
507 3716 541 3770 et
567 3704 609 3771 de
635 3715 786 3794 tempore
811 3727 877 3793 quo
904 3715 1014 3770 essent
1039 3705 1103 3770 hae
1129 3705 1290 3793 epistolae
1317 3729 1397 3771 con-

228 3843 373 3930 scriptae
391 3852 532 3930 agerent
550 3865 649 3930 quam
667 3842 889 3909 denariorum
904 3842 1233 3908 recensionuminter
1250 3865 1324 3908 sese
1342 3865 1395 3908 ra-

227 3979 336 4059 tione;
362 3979 475 4066 itaque
500 3977 625 4045 factum
644 3990 712 4065 est,
738 3991 776 4046 ut
793 3980 878 4046 hanc
896 3979 1124 4068 quaestionem
1143 3980 1250 4046 obiter
1268 3989 1399 4046 tantum

228 4115 412 4205 tetigerint.
468 4116 641 4201 Quaestio,
661 4139 747 4205 quae
765 4127 817 4184 est
835 4116 877 4183 de
896 4116 1078 4202 authentia,
1106 4139 1172 4182 non
1190 4127 1241 4183 est
1258 4112 1395 4207 nova¹),

229 4261 342 4318 tamen
359 4262 474 4318 nostro
492 4263 644 4342 tempore
662 4253 727 4320 alit
744 4252 851 4320 sormi
869 4263 921 4320 est
945 4254 1100 4342 repetita,
1126 4277 1228 4341 quum
1246 4254 1395 4321 recensio

216 4390 361 4478 ,syriaca
379 4413 399 4455 a
417 4389 589 4456 emetono
607 4400 741 4479 reperta
765 4413 884 4456 novam
909 4391 1123 4480 epistolarum
1150 4391 1304 4459 exhibeat
1329 4391 1397 4459 ior-

306 4654 330 4723 ¹)
348 4655 389 4709 Of.
408 4654 530 4710 (inreton
548 4655 655 4726 Corpus
673 4657 845 4726 Ignatianum
862 4673 890 4726 p.
908 4655 981 4710 xv1.
1000 4672 1040 4725 sq.

1145 4769 1162 4832 l
