3500 5525
881 545 928 612 18

319 796 397 852 suut
422 795 588 866 mutatae,
619 806 702 871 quas
726 783 869 872 primum
894 807 913 849 e
939 784 1025 873 Syro
1050 782 1166 849 Curet.
1187 783 1305 865 vertit,
1336 806 1370 872 p.
1396 784 1488 862 1583

318 889 412 957 Vlll.
431 890 479 955 Et
496 890 536 954 iis
552 889 585 953 in
604 886 697 970 loeis,
723 908 808 974 quos
825 888 902 975 Syr.
923 886 1039 953 Curet.
1060 886 1194 969 omittit,
1220 888 1395 953 Armenius
1413 896 1486 952 tex-

321 1003 391 1059 tum
408 993 573 1081 syriacum
590 990 719 1070 habuit,
743 1001 779 1055 et
803 991 831 1055 is
854 1012 921 1055 non
939 992 1049 1078 potuit
1067 1014 1152 1071 esse,
1178 989 1239 1055 nisi
1257 992 1361 1078 Syrus
1380 988 1488 1078 major

321 1120 341 1161 a
358 1096 476 1184 Lipsio
499 1105 642 1161 creatus.
686 1094 755 1160 Hic
781 1094 888 1183 Syrus
913 1092 1019 1182 major
1044 1094 1169 1181 etipse
1196 1092 1361 1181 duplicem
1386 1092 1488 1159 habet

320 1198 460 1264 formam
478 1199 617 1265 alteram
634 1199 668 1262 in
681 1197 830 1285 epistolis
844 1220 927 1285 quaa
945 1208 980 1263 et
992 1198 1067 1286 Syr.
1084 1197 1200 1262 Curet.
1216 1196 1328 1279 habet,
1348 1196 1486 1263 alteram

320 1303 354 1367 in
371 1302 519 1390 reliquis,
545 1311 657 1367 tamen
675 1324 714 1367 ea
739 1323 827 1387 quae
851 1302 964 1389 eSyr.
992 1302 1108 1366 (iuret.
1136 1309 1213 1365 sunt
1236 1300 1387 1365 desumta
1411 1308 1489 1365 sunt

320 1415 489 1494 corrupta,
507 1429 542 1493 p.
567 1406 655 1484 1603
698 1404 761 1470 lx.
790 1406 895 1492 Syrus
919 1400 1027 1491 major
1051 1415 1085 1469 et
1103 1404 1209 1470 minor
1227 1404 1314 1469 inter
1332 1426 1369 1469 se
1386 1426 1488 1491 saepe

321 1509 531 1591 conveniunt,
562 1506 599 1573 id
617 1506 713 1594 quod
737 1505 836 1573 facile
860 1506 1057 1596 explicatur,
1089 1508 1117 1572 si
1144 1506 1334 1595 accipimus,
1366 1507 1487 1595 Syrum

321 1610 479 1700 majorem
499 1611 688 1698 antiquiore
705 1611 869 1693 versione,
888 1622 957 1676 tres
971 1610 1128 1698 epistolas
1140 1610 1372 1698 amplectente,
1392 1632 1488 1675 usum

321 1738 407 1798 esse,
421 1738 455 1803 p.
475 1716 567 1793 1593
592 1713 636 1779 X.
652 1714 764 1788 Quum
778 1713 952 1779 Armenius
966 1713 1009 1779 ad
1025 1724 1152 1781 textum
1165 1718 1196 1779 A
1209 1714 1375 1801 pertineat
1388 1714 1488 1779 etiam

321 1822 426 1907 Syrus
445 1816 552 1906 major
568 1816 646 1883 lmic
662 1827 714 1882 est
731 1817 968 1900 accensendus,
987 1842 1019 1905 p.
1045 1819 1128 1883 160.
1161 1818 1266 1905 Syrus
1284 1818 1390 1885 minor
1407 1839 1488 1883 vero

322 1922 366 1987 ad
383 1931 538 1987 neutrum
558 1930 685 1986 textum
709 1921 865 2009 pertinet,
891 1921 1005 2008 itaque
1029 1921 1155 1987 corruit
1177 1920 1392 1987 Petermanni
1417 1921 1489 2008 opi-

321 2026 388 2106 nio,
407 2047 473 2090 non
490 2024 577 2089 enim
594 2024 769 2089 Armenius
786 2024 907 2113 Syrum
931 2024 1193 2090 Curetonianum
1216 2024 1328 2107 vertit,
1355 2023 1415 2090 sed
1439 2023 1487 2089 al-

321 2138 430 2193 terum
447 2125 543 2215 cujus
560 2135 671 2192 textus
688 2127 736 2193 illi
752 2126 887 2215 quidem
905 2137 1067 2217 cognatus
1085 2138 1148 2210 est,
1166 2152 1199 2215 p.
1225 2128 1307 2193 166.

399 2230 478 2299 Nou
495 2252 681 2317 possumus,
708 2230 787 2317 quin
804 2231 1032 2319 profiteamur,
1058 2231 1152 2298 uobis
1171 2230 1256 2297 hanc
1273 2240 1486 2319 argumenta-

322 2334 447 2399 tionem
464 2333 598 2398 nimiam
615 2331 758 2421 prodere
781 2334 1012 2422 sagacitatem,
1039 2345 1074 2401 et
1098 2336 1247 2422 quamvis
1265 2334 1327 2423 ipsi
1346 2334 1487 2401 acumini

322 2436 525 2525 philologico
542 2435 684 2525 plurima
700 2437 896 2519 tribuamus,
922 2436 1006 2503 haec
1028 2438 1122 2503 nobis
1146 2436 1218 2527 ejus
1235 2439 1317 2505 fines
1335 2437 1489 2504 videntur

322 2538 497 2606 excedere.
526 2540 574 2605 Ut
591 2562 692 2627 supra
709 2538 850 2606 diximus
867 2540 902 2605 id
920 2541 1115 2629 praesertim
1134 2542 1206 2630 agit
1217 2541 1362 2630 Lipsius,
1381 2550 1419 2607 ut
1433 2562 1486 2605 ar-

322 2652 519 2732 gumentum
536 2665 556 2707 e
573 2643 725 2708 versione
742 2644 929 2709 armeniaca
955 2653 1071 2710 contra
1089 2646 1210 2733 Syrum
1228 2644 1487 2711 (iuretonianum

322 2746 464 2835 petitum
481 2745 593 2812 evitet.
621 2747 701 2812 Hoc
720 2769 800 2814 vero
818 2771 859 2814 eo
877 2746 977 2814 modo
995 2757 1047 2814 est
1064 2757 1213 2832 conatus,
1232 2758 1271 2815 ut
1283 2771 1412 2816 omnem
1425 2748 1489 2812 Ar-

323 2849 421 2916 menii
439 2849 702 2938 peculiaritatem
720 2851 833 2929 tollat:
860 2875 903 2918 an
921 2862 1032 2940 potest
1049 2853 1132 2919 certi
1150 2852 1287 2941 quidde
1304 2850 1376 2940 ejus
1394 2861 1489 2918 textu

323 2953 466 3036 definiri,
485 2954 543 3041 qui
560 2977 602 3019 ex
620 2955 867 3021 recensiouilous
884 2959 916 3020 Α
933 2966 968 3022 et
985 2957 1016 3022 B
1034 2966 1085 3022 est
1102 2956 1229 3039 mistus,
1250 2956 1326 3021 licet
1344 2955 1488 3044 plerum-

323 3080 389 3144 que
405 3058 631 3124 recensionem
648 3061 679 3123 Α
696 3068 866 3146 sequatur,
892 3059 948 3146 qui
973 3060 1094 3148 Syrum
1119 3057 1278 3148 majorem
1296 3059 1407 3142 vertit,
1432 3058 1488 3146 qui

322 3161 445 3248 etipse
462 3160 502 3224 iis
520 3159 613 3244 locis,
638 3183 723 3248 quos
740 3163 845 3250 Syrus
863 3161 1108 3228 Curetonianus
1131 3163 1243 3249 habet,
1270 3185 1345 3229 cum
1362 3161 1427 3228 hoc
1445 3161 1488 3228 ad

321 3264 460 3328 verbum
476 3261 548 3328 fere
565 3265 740 3329 convenit?
783 3266 905 3354 Syrum
929 3265 1115 3355 longiorem
1139 3290 1218 3334 vero
1237 3267 1370 3356 Lipsius
1389 3288 1488 3332 exco-

322 3366 453 3456 gitavit,
476 3389 585 3454 neque
608 3389 685 3432 eum
708 3389 854 3454 unquam
877 3366 979 3435 fuisse
1002 3371 1231 3459 comprobavit
1255 3368 1316 3462 (cf.
1343 3395 1376 3458 p.
1405 3367 1487 3459 30).

322 3471 421 3536 Haec
438 3480 489 3536 est
505 3470 623 3558 petitio
649 3470 812 3559 principii,
836 3494 914 3537 nam
939 3495 1041 3561 quum
1065 3483 1200 3558 statuat,
1227 3499 1259 3564 p.
1282 3475 1343 3558 30,
1367 3475 1489 3561 Syrum

323 3573 439 3638 Curet.
460 3584 495 3639 et
512 3572 672 3663 majorem
696 3574 874 3640 convenire
898 3576 938 3641 iis
962 3575 1055 3660 locis,
1081 3601 1163 3666 quos
1188 3588 1330 3666 uterque
1354 3576 1487 3659 habeat,

322 3674 411 3741 unde
429 3676 503 3756 scit,
522 3678 644 3765 Syrum
661 3677 779 3744 Curet.
798 3701 873 3744 esse
890 3679 1069 3770 integrum,
1094 3705 1156 3748 nec
1174 3682 1341 3748 mutilatas
1359 3689 1490 3747 tantum

322 3778 447 3846 habere
464 3779 647 3867 epistolas?
691 3781 791 3849 Unde
808 3782 948 3872 colligit,
976 3808 1016 3850 ea
1043 3807 1129 3870 quae
1147 3786 1251 3873 Syrus
1271 3786 1387 3851 Curet.
1408 3783 1488 3850 omi-

322 3882 404 3947 serit
420 3884 462 3948 ab
482 3881 587 3948 altero
605 3885 692 3973 Syro
710 3909 784 3952 esse
809 3885 948 3952 addita?
992 3885 1092 3960 Quod
1114 3887 1234 3953 deinde
1258 3889 1370 3976 pergit
1394 3909 1489 3953 suam

322 3985 365 4050 de
383 3986 469 4072 Syro
488 3985 595 4053 altero
617 3988 805 4076 opinionem
827 3989 929 4055 etiam
953 3989 1105 4056 versione
1129 3991 1316 4056 armeniaca
1341 3989 1487 4073 suaderi,

321 4088 548 4176 quaerendum
566 4090 677 4178 potius
694 4104 758 4176 est,
781 4115 860 4158 num
885 4115 923 4158 re
946 4113 1026 4157 vera
1044 4093 1218 4158 Armenius
1236 4102 1364 4158 textum
1383 4093 1488 4181 syria-

321 4215 397 4258 cum
428 4192 529 4258 alium
559 4193 732 4280 habuerit,
765 4219 865 4283 quam
890 4218 966 4260 eum
987 4193 1081 4283 cujus
1112 4197 1256 4284 capita
1287 4194 1489 4282 quaedam

321 4295 426 4382 Syrus
444 4296 688 4363 Curetonianus
713 4297 879 4363 exhibeat.
926 4299 1048 4387 Syrum
1066 4299 1327 4366 Curetonianum
1346 4295 1489 4382 denique

321 4397 492 4464 contendit
511 4423 530 4465 a
548 4409 643 4465 textu
658 4405 687 4464 Α
705 4411 739 4465 et
752 4402 783 4466 B
801 4423 875 4465 esse
894 4400 1036 4466 alienum
1055 4400 1198 4490 ideoque
1218 4398 1415 4489 originalem
1434 4393 1488 4488 (id
1531 4421 1533 4426 ·

322 4501 412 4589 quod
429 4500 575 4567 nondum
593 4499 774 4592 sequitur),
801 4512 836 4567 at
853 4503 1028 4568 Armenius
1054 4526 1187 4590 quoque
1205 4514 1240 4570 et
1258 4505 1362 4593 Syrus
1381 4499 1488 4590 major

321 4614 450 4672 textum
467 4605 600 4670 mistum
617 4603 751 4691 habent,
771 4605 920 4693 quamvis
938 4605 1133 4694 plerumque
1151 4617 1279 4674 textum
1298 4611 1328 4674 A
1346 4627 1488 4695 sequau-
