3500 5525
740 528 884 631 ,Ἠ

275 794 319 860 tis
337 791 432 881 digni
449 791 551 860 talem
569 790 663 857 robis
681 789 776 859 dedit
792 791 997 880 episcopum,
1022 789 1165 878 denique
1190 792 1356 879 nequitum
1384 790 1444 857 sed

274 897 433 985 quoniam
450 918 545 963 arnor
568 904 633 961 etc.
686 894 860 963 Particula
886 893 1096 961 adversativa
1119 895 1208 983 apud
1226 897 1347 983 Syrum
1365 894 1443 959 nihil

274 1000 377 1067 habet
399 1022 466 1087 quo
489 996 668 1080 referatur,
700 1020 802 1086 quum
835 997 924 1065 nullo
955 998 1030 1065 loco
1055 998 1207 1088 Ignatius
1232 997 1354 1065 dixerit
1376 997 1444 1064 tale

275 1103 356 1191 qnid
377 1126 429 1185 ac,
447 1126 522 1169 sese
539 1102 686 1168 scribere
702 1102 758 1167 rix
775 1125 885 1190 posse,
912 1102 965 1169 cui
982 1112 1054 1169 tum
1071 1102 1193 1191 opponi
1210 1112 1325 1189 posset
1342 1124 1444 1169 enun-

276 1208 396 1274 tiatum
414 1205 676 1273 adversativum:
703 1204 764 1273 sed
782 1205 873 1293 quod
890 1228 984 1271 amor
1001 1230 1054 1273 me
1071 1229 1137 1273 non
1155 1216 1268 1271 tacere
1286 1206 1374 1286 sinit,
1393 1214 1443 1271 ta-

275 1334 351 1377 men
368 1310 515 1377 scribere
533 1309 699 1376 constitui.
752 1309 792 1375 In
809 1318 905 1375 textu
926 1332 1051 1398 graeco
1070 1320 1182 1375 autem
1200 1308 1444 1376 adversativum

271 1411 359 1493 ,aitte
389 1413 498 1478 verbis
516 1413 558 1478 ab
575 1412 668 1477 initio
687 1435 760 1499 cap.
779 1412 825 1479 Π.
852 1412 968 1501 positis
999 1410 1037 1479 οὗ
1061 1410 1284 1496 διατάσσομαι
1307 1409 1385 1495 ὑμῖν
1402 1410 1444 1485 ὡς

275 1513 323 1584 ὤν
339 1541 387 1590 τις
404 1518 489 1583 bene
507 1514 699 1603 respondet.
727 1515 912 1583 Praeterea
929 1538 1009 1583 vero
1027 1525 1129 1604 capnt
1141 1514 1186 1581 Π.
1207 1538 1226 1581 a
1241 1517 1326 1604 Syro
1345 1515 1443 1582 omis-

275 1643 349 1687 sum
366 1619 446 1685 nihil
470 1618 542 1685 lere
565 1620 714 1687 continet
737 1620 800 1687 nisi
822 1620 955 1687 nomina
978 1619 1213 1708 Ephesiorum,
1246 1628 1283 1685 ut
1312 1617 1444 1685 ridetur

275 1746 403 1804 eorum,
429 1723 485 1810 qui
509 1722 680 1811 Ignatium
696 1722 853 1789 riserant.
897 1723 945 1789 Et
966 1722 1051 1789 haec
1074 1723 1205 1789 uomina
1229 1723 1358 1811 fingere
1374 1732 1443 1787 tam

275 1826 391 1893 inutile
408 1836 472 1907 est,
504 1836 544 1891 ut
573 1847 616 1893 ne
646 1825 858 1893 stultissimus
890 1825 1023 1913 quidem
1047 1825 1199 1893 falsarius
1225 1850 1265 1892 ea
1282 1826 1441 1891 finxisset.

276 1930 406 1997 'I'extus
430 1930 578 2019 syriacus
602 1929 707 2019 igitur
726 1929 791 1995 hoc
813 1929 889 1995 loco
914 1938 965 1995 est
987 1952 1134 2013 mancus,
1159 1951 1302 2017 graecus
1326 1937 1442 1995 contra
1516 2002 1521 2008 ,

275 2056 393 2114 sanus3
421 2056 507 2121 quae
525 2034 630 2121 Syrus
648 2033 773 2099 omittit
797 2032 841 2099 ad
866 2056 921 2099 res
947 2032 1153 2122 dogmaticas
1177 2054 1243 2097 non
1263 2032 1441 2121 pertinent,

274 2137 324 2204 ita
340 2147 379 2202 ut
396 2161 437 2203 ea
455 2136 624 2204 addidisse
637 2159 761 2224 operae
775 2137 919 2225 pretium
933 2160 997 2202 non
1011 2135 1143 2217 luisset3
1162 2135 1242 2201 nihil
1261 2136 1352 2203 aliud
1365 2134 1443 2202 inde

277 2241 426 2327 sequitur
443 2240 506 2305 nisi
531 2240 706 2329 epistolam
727 2261 887 2329 graecam
904 2264 924 2307 a
943 2240 1028 2328 Syro
1047 2262 1120 2307 esse
1137 2250 1339 2328 excerptam.

355 2344 467 2411 Verba
490 2367 566 2432 cap.
590 2344 654 2410 III.
687 2343 777 2432 apud
800 2345 921 2432 Syrum
953 2343 1075 2432 excipit
1099 2343 1226 2409 initium
1250 2367 1322 2431 cap.
1347 2342 1440 2409 VIII.

276 2445 359 2513 ὅταν
376 2448 437 2534 μὰρ
453 2449 592 2533 μηδεμία
610 2450 772 2531 ἐπιθυμία
792 2448 866 2536 (gr.
887 2446 970 2537 ἔρις)
997 2449 1174 2535 ἐνείρισται
1197 2448 1235 2513 ἐν
1258 2445 1335 2531 ὑμῖν
1352 2443 1370 2531 ἡ
1388 2448 1442 2513 dv-

276 2554 400 2636 ναμένη
415 2546 497 2634 ὑμᾶς
512 2556 695 2633 βασανίσαι
719 2544 786 2637 ἇρα
808 2550 893 2617 κατὰ
910 2552 994 2619 θεὸν
1011 2556 1092 2635 ζῆτε.
1145 2548 1235 2617 Nihil
1256 2549 1298 2617 de
1315 2549 1442 2637 cupidi-

275 2654 371 2720 nibus
389 2653 572 2742 praecedit,
598 2654 678 2720 nihil
702 2652 746 2720 ad
764 2652 855 2742 quod
873 2652 1103 2741 explicandum
1126 2655 1187 2741 γὰρ
1211 2664 1263 2720 est
1285 2654 1440 2742 positum.

275 2756 409 2824 Dixerit
433 2756 575 2825 sortasse
598 2758 760 2848 quispiam
778 2758 887 2824 verbis
912 2758 976 2826 illis
999 2758 1169 2848 explicari,
1194 2756 1275 2846 quid
1297 2758 1340 2824 sit
1365 2779 1442 2826 συν·

274 2867 401 2946 τρέχειν
417 2868 456 2955 τῇ
474 2859 583 2956 γνώμῃ
601 2868 660 2928 τοῦ
677 2868 772 2949 θεοῦ,
791 2872 826 2928 at
843 2861 940 2928 deest
956 2861 1144 2928 adhortatio
1163 2863 1247 2949 ipsa,
1265 2885 1351 2948 quae
1370 2883 1442 2928 ver·

275 2965 325 3031 bis
343 2964 505 3048 ὅτανγὰρ
529 2967 597 3030 κτλ.
621 2966 779 3054 negativo
804 2975 932 3032 tantum
957 2963 1056 3032 modo
1079 2965 1175 3030 inest.
1228 2965 1359 3053 Logice
1377 2964 1442 3030 dici

276 3066 433 3134 deberet:
461 3067 592 3133 Hortor
614 3072 685 3152 vds,
710 3077 749 3134 ut
771 3067 953 3136 secundnm
970 3068 1037 3136 Dei
1060 3067 1264 3136 voluntatem
1282 3068 1441 3148 curratis;

275 3171 548 3261 exstinguite
565 3193 708 3239 omnes
726 3171 971 3261 cupidines,
989 3196 1065 3238 nam
1083 3173 1111 3238 si
1128 3171 1218 3238 nuilla
1236 3170 1356 3260 cupido
1376 3181 1440 3236 etc.

275 3273 315 3338 In
332 3273 416 3340 libro
432 3298 559 3366 graeco
575 3297 656 3342 vero
676 3276 776 3342 verba
799 3276 881 3344 ὅιαν
904 3277 964 3364 γὰρ
987 3277 1127 3362 μηδεμία
1146 3276 1229 3364 ἔρις
1251 3297 1327 3340 cum
1345 3297 1441 3363 prae-

274 3375 468 3444 cedentibus
486 3388 579 3446 arcte
601 3377 779 3468 conjuncta
804 3373 930 3470 sunt¹).
986 3379 1071 3468 Cep.
1099 3379 1157 3447 VI.
1182 3379 1268 3446 enim
1291 3379 1442 3468 Ignatins

276 3483 317 3546 ab
336 3482 494 3548 Onesimo
511 3483 735 3571 Ephesiorum
753 3484 910 3572 episcopo
928 3481 1088 3550 traditum
1105 3483 1167 3550 sibi
1184 3505 1258 3550 esse
1276 3483 1376 3565 dicit,
1392 3483 1441 3548 ln-

275 3594 327 3650 ter
353 3585 517 3674 Ephesios
542 3609 607 3654 non
634 3609 708 3655 esse
732 3586 937 3670 haereticos,
970 3607 1036 3673 quo
1067 3585 1156 3654 facto
1182 3610 1256 3674 cap.
1275 3586 1351 3652 VH.
1384 3608 1441 3651 eos

274 3687 528 3756 commonefacit
543 3700 658 3758 rectae
679 3689 917 3778 christologiae
935 3711 1060 3776 eosque
1078 3699 1190 3756 monet
1214 3712 1256 3754 ne
1280 3687 1441 3756 seducan-

274 3801 341 3875 tur,
360 3815 462 3879 quum
479 3793 508 3858 si
532 3792 607 3860 lites
633 3793 724 3883 (scil.
744 3793 787 3862 de
805 3791 976 3883 doctrina)
1002 3791 1088 3860 inter
1114 3815 1171 3858 eos
1196 3814 1261 3858 non
1287 3793 1364 3870 sint,
1389 3815 1442 3858 se-

274 3895 416 3963 cundum
434 3896 546 3962 Deum
569 3897 691 3964 vivant.
737 3898 858 3966 Nonne
884 3906 994 3964 textus
1018 3919 1161 3985 graccus
1186 3897 1316 3985 syriaco
1341 3895 1442 3985 longe

273 4008 326 4064 est
343 4001 556 4066 concinnior?

350 4103 481 4169 Eodem
500 4102 599 4169 modo
621 4104 731 4170 verbis
756 4114 859 4192 capnt
874 4103 937 4172 IX.
958 4103 1189 4193 incipientibus
1214 4103 1342 4170 omissis
1366 4103 1443 4190 Syri

275 4222 379 4267 nexus
397 4212 449 4268 est
465 4214 655 4290 corruptus.
707 4207 827 4295 Imago
853 4207 1007 4274 desumta
1031 4218 1082 4276 est
1101 4207 1143 4274 de
1161 4207 1391 4274 aedificatione
1408 4216 1443 4272 et

273 4304 406 4395 singula
431 4327 518 4393 quac
541 4304 700 4392 leguntur
730 4306 974 4396 ἀναφερόμενοι
997 4313 1041 4386 εἰς
1063 4313 1106 4378 τὰ
1128 4309 1198 4401 ὕψη
1223 4312 1277 4376 διὰ
1301 4313 1443 4396 μηχανῆς

273 4411 318 4496 1η.
337 4435 387 4498 χρ.
414 4414 549 4497 σχοινίῳ
573 4407 734 4496 χρώμενοι
755 4418 802 4500 τῷ
828 4408 908 4500 σἰγίρ
935 4412 1097 4500 πνεύμασι
1122 4413 1200 4481 inde
1224 4413 1441 4504 explicantur,

348 4643 375 4708 ¹)
393 4643 471 4697 ldem
489 4649 584 4698 censet
601 4642 725 4698 Uhlhorn
742 4645 772 4698 in
788 4641 920 4713 Niedner,
938 4643 1048 4698 Ztschtt
1067 4661 1092 4714 p.
1111 4644 1152 4701 36.
