3500 5525
899 539 947 604 00

822 644 1026 655 ——n--n

339 788 433 845 terea
450 788 487 845 et
503 778 679 846 articulum
702 800 874 867 graecum,
907 777 942 843 id
973 777 1064 866 quod
1087 778 1162 865 Syr.
1184 778 1300 845 Curet.
1326 800 1392 845 non
1416 776 1508 859 iacit,

340 881 455 948 addito
469 884 664 971 pronomine
677 880 758 981 ,λος
772 881 907 949 indicat.
936 882 1049 949 Etiam
1063 904 1204 970 sequens
1218 904 1291 970 oap.
1302 881 1360 948 VI.
1376 906 1409 970 p.
1422 884 1507 963 198,

338 984 362 1050 l.
386 989 430 1051 17
450 988 527 1075 Syri
546 988 663 1053 Curet.
682 986 796 1074 prodit
813 1009 955 1053 manum.
1012 988 1199 1071 Παρακαλῶ
1217 984 1369 1051 redditur
1386 977 1507 1086 an:‚

338 1090 445 1175 τροφοὶ
461 1082 591 1169 βόρα
614 1100 653 1155 ut
668 1090 769 1155 Rom.
791 1094 825 1157 7.
880 1091 937 1157 Sic
962 1090 1052 1156 etin
1077 1112 1151 1177 oap.
1170 1088 1228 1155 lv.
1256 1086 1319 1179 (ad
1343 1089 1443 1155 Rom.
1464 1086 1507 1178 8)

338 1190 411 1283 ejus
424 1194 586 1259 rationem
599 1192 771 1278 habemus,
785 1192 936 1281 καύχησις
949 1186 1092 1275 lionae
1104 1192 1343 1273 οῐ.καοχᾶσοαι
1358 1182 1510 1271 §nabal

338 1329 415 1397 Pol.
436 1333 472 1413 5,
499 1333 550 1396 0ιῖ
571 1316 618 1408 llo
641 1332 686 1396 ib.
706 1330 748 1397 cf.
776 1356 810 1420 p.
831 1332 880 1399 35
906 1329 1053 1418 πρᾳότης
1077 1322 1190 1410 IAM
1213 1328 1302 1418 Eph.
1326 1330 1384 1413 ll,
1404 1353 1437 1418 p.
1458 1330 1506 1397 43

339 1444 404 1500 eto.
432 1435 606 1501 Habemus
624 1435 729 1523 igitur
748 1458 800 1523 ep.
821 1434 865 1500 ad
879 1436 940 1500 Tr.
957 1434 1058 1500 4-0
1074 1434 1107 1499 in
1121 1433 1273 1499 versione
1286 1434 1362 1521 Syri
1377 1435 1507 1515 Curet,

339 1560 449 1624 neque
467 1540 508 1604 ab
527 1536 599 1626 ejus
619 1536 846 1604 defensoribus
863 1538 1069 1628 argumentis
1087 1537 1167 1603 satis
1181 1537 1282 1602 firmis
1302 1536 1508 1603 demonstra·

339 1650 411 1705 tum
429 1651 492 1722 est,
511 1665 584 1730 oap.
606 1644 705 1706 4-5
725 1664 763 1708 re
782 1664 858 1707 rora
877 1642 1045 1731 pertinere
1064 1640 1106 1706 ad
1125 1665 1177 1729 ep.
1198 1640 1241 1706 ad
1259 1641 1358 1707 Rom.
1401 1642 1507 1707 Cure-

341 1755 439 1810 tonus
457 1769 490 1833 p.
512 1746 585 1810 304
606 1744 697 1829 dicit,
716 1745 825 1811 locum
843 1768 884 1811 ex
904 1770 957 1834 ep.
977 1744 1020 1813 ad
1037 1745 1137 1811 Rom.
1158 1743 1345 1809 desumtum
1364 1744 1419 1810 alii
1438 1745 1507 1832 epi-

340 1848 448 1914 stolae
466 1872 539 1915 esse
558 1849 719 1932 additum,
738 1859 777 1914 ut
795 1849 986 1915 authentiae
1004 1848 1096 1915 color
1110 1848 1140 1913 ei
1158 1848 1335 1914 tribuatur.
1363 1850 1407 1914 At
1425 1871 1508 1936 quo-

341 1951 441 2017 modo
460 1951 584 2019 factum
601 1964 665 2036 est,
683 1964 721 2019 ut
739 1976 840 2041 quum
866 1952 1018 2019 falsarius
1043 1952 1151 2017 locum
1171 1975 1211 2017 ex
1230 1951 1325 2040 epist.
1345 1950 1388 2017 ud
1406 1952 1506 2017 Rom.

341 2056 565 2144 exscripserit,
583 2056 672 2122 idem
689 2056 782 2123 loeus
800 2080 841 2122 ex
859 2058 1009 2123 omnibus
1028 2056 1159 2145 graecis
1177 2052 1275 2143 hujus
1294 2079 1346 2143 ep.
1365 2056 1444 2121 Mes.
1464 2056 1508 2121 sit

341 2159 545 2226 exstinctus?
571 2158 705 2227 Deinde
723 2183 857 2248 quoque
869 2183 974 2226 nexus
988 2161 1020 2225 in
1035 2182 1087 2249 ep.
1104 2159 1147 2225 ad
1160 2160 1260 2225 Rom.
1281 2158 1506 2225 additamento

339 2262 516 2351 rumpitur,
543 2262 576 2327 in
603 2286 656 2353 ep.
676 2262 720 2330 ad
738 2264 845 2331 Trall.
864 2287 945 2330 vero
963 2274 1015 2329 est
1032 2286 1143 2346 sanus,
1169 2260 1250 2328 dioit
1267 2262 1353 2327 enim
1372 2286 1444 2351 cap.
1467 2264 1506 2328 3:

340 2365 419 2431 Non
436 2366 469 2431 in
487 2374 614 2432 tantam
632 2367 697 2432 mei
714 2366 950 2455 gloriationem
968 2367 1055 2449 veni,
1069 2378 1107 2433 ut
1120 2367 1214 2433 vobis
1229 2365 1320 2431 velut
1337 2366 1507 2455 apostolus

339 2470 504 2558 imperare
523 2470 638 2548 relim3
665 2469 785 2535 deinde
802 2494 875 2558 oap.
894 2473 914 2535 4
935 2471 1064 2559 pergit:
1092 2470 1250 2545 Quamvis
1269 2492 1347 2535 vero
1366 2469 1507 2559 plurima

340 2573 454 2654 sciam,
478 2584 591 2639 tamen
615 2597 682 2639 non
704 2596 776 2639 sum
794 2573 998 2662 gloriaturos
1017 2596 1124 2660 neque
1143 2574 1325 2661 scripturus
1343 2574 1436 2639 vobis
1454 2595 1507 2639 res

339 2675 514 2761 coelestes,
533 2700 576 2742 ne
594 2676 714 2742 damno
733 2675 932 2741 efficiemini.
977 2672 1151 2769 (Hefele.)

417 2797 516 2864 Aliud
530 2796 650 2887 fragm.
667 2822 739 2886 oap.
752 2799 851 2865 2-{3
872 2797 1074 2887 amplectens
1093 2822 1207 2864 vocem
1224 2799 1308 2864 κατὰ
1326 2795 1508 2884 ἄνθρωπον

338 2899 450 2968 reddit
461 2909 599 3072 ᾖ,
590 2901 708 2984 ‚unde
725 2904 815 2969 Arm.
836 2902 967 2991 scripsit
984 2903 1017 2967 in
1035 2925 1188 2992 oorpore,
1214 2904 1358 2968 Severus
1375 2923 1455 2968 vero
1472 2927 1505 2990 p.

341 3008 428 3090 214,
447 3005 459 3069 l
576 3008 634 3072 bet
655 2998 765 3086 ium
782 2998 859 3113 ,Γός
887 3029 948 3095 pro
972 3008 1009 3074 τό
1027 3005 1249 3074 ἇποοανιῖνέ
1250 3004 1388 3093 κφόγητε
1406 3004 1505 3096 frgm.

338 3143 440 3210 babet
457 3114 586 3267 b‘nfnbp
604 3162 644 3244 Q
658 3117 771 3243 (emb,
790 3145 936 3210 Severus
954 3155 1065 3211 autem
1083 3145 1205 3235 potul.
1221 3145 1409 3235 ,nimbo
1385 3143 1507 3245 05Q3

341 3248 425 3312 κατὰ
442 3245 555 3312 πάντα
573 3249 700 3333 τρόπον
717 3254 823 3314 πᾶσιν
840 3245 991 3334 ἆρὲσκειν
1007 3250 1098 3313 Arm.
1118 3248 1218 3313 vertit
1237 3248 1343 3332 „etin
1358 3248 1507 3312 omnibus

339 3349 431 3438 grati
449 3355 564 3433 sunt,“
583 3349 672 3416 unde
685 3349 833 3417 Peterm.
854 3352 910 3439 qui
924 3351 987 3416 hoo
1001 3349 1120 3439 fragm.
1136 3349 1281 3416 nondum
1295 3351 1412 3417 habuit
1429 3374 1506 3416 con-

334 3449 465 3541 jecerat
499 3454 628 3542 syrinoe
662 3454 821 3542 scriptum
852 3453 954 3520 friisse
987 3462 1125 3545 Qzffiu,
1162 3455 1252 3542 quod
1280 3477 1358 3520 vere
1384 3455 1508 3544 legitur

336 3553 442 3624 abr&
467 3565 586 3648 ρ’,ῇυ
611 3550 870 3646 mmm.
914 3557 954 3624 In
977 3558 1085 3624 verbis
1108 3559 1274 3643 ἐκκλησίας
1290 3564 1373 3626 θεοῦ
1390 3556 1507 3644 ὑπηρέ-

338 3686 394 3726 ται
412 3661 503 3728 Arm.
524 3671 558 3728 et
576 3663 651 3751 Syr.
672 3663 828 3728 omittunt
845 3685 961 3728 vocem
986 3659 1154 3748 ὑπηρέται.
1208 3663 1258 3727 Ab
1277 3663 1370 3728 initio
1390 3686 1462 3750 oap.
1485 3663 1506 3726 3

338 3763 414 3852 Syr.
443 3767 545 3831 verba
570 3767 692 3840 πάντες
715 3767 998 3851 ἐντρεπέσθωσαν
1029 3765 1128 3830 vertit
1159 3767 1285 3862 ,ΔΜ
1316 3757 1399 3845 Ιοομ
1429 3762 1508 3831 ab)

339 3890 426 3953 quae
444 3869 535 3933 Arm.
554 3879 646 3934 recte
663 3867 775 3933 reddit
787 3868 1023 3955 'unusquisque
1049 3869 1234 3934 erubescat.
1279 3869 1390 3936 Verba
1408 3867 1506 3957 frgm.

335 3962 404 4057 bb
422 3962 587 4065 'mogo
604 3962 750 4056 ..050le
768 3962 950 4050 thfflf
969 3970 1093 4036 inserta
1113 3971 1266 4038 videntur
1284 3995 1303 4036 e
1321 3971 1395 4038 loco
1414 3971 1506 4060 Mgn.

340 4075 376 4158 6,
395 4073 466 4163 ipsa
484 4096 563 4139 vero
582 4097 664 4140 voce
681 4065 813 4170 lmstog
837 4071 1101 4161 fragmentorum
1119 4076 1195 4164 Syri
1214 4076 1331 4142 Curet.
1351 4075 1507 4165 cognatio

337 4179 594 4266 comprobatur,
623 4178 657 4244 in
681 4176 766 4242 libro
783 4199 908 4266 graeco
928 4176 1013 4242 enim
1033 4188 1084 4244 est
1109 4179 1210 4254 τόπος
1241 4201 1301 4266 pro
1333 4177 1434 4252 τόπος
1464 4175 1506 4240 cf.

359 4331 368 4346 .
391 4283 451 4347 57.

334 4305 356 4370 Ρ
415 4401 447 4466 Ε
466 4425 538 4488 cap.
558 4400 651 4465 VIII.
671 4398 792 4489 fragm.
806 4425 839 4490 p.
858 4401 945 4485 200,
965 4399 987 4465 l.
1005 4401 1027 4468 8
1043 4401 1141 4467 affert
1159 4402 1261 4466 rerba
1278 4397 1377 4463 haec:
1400 4392 1510 4482 Ὑμεῖς

336 4498 398 4570 οὖν
414 4504 474 4591 τὴν
490 4502 732 4592 πραΰπάοειαν
748 4501 969 4591 ἀναλαβόντες
994 4500 1223 4572 ἇνακτίσασθε
1248 4501 1384 4577 {auroris
1401 4501 1438 4568 ἐν
1456 4506 1509 4568 πί-

336 4626 419 4691 στει,
437 4605 456 4676 ὅ
474 4607 546 4675 ἐστι
563 4607 646 4699 σὰρξ
663 4613 721 4678 τοῦ
739 4614 849 4699 κιτρίον
866 4615 921 4676 καὶ
945 4607 982 4676 ἒν
1005 4605 1116 4705 ἀγάπη
1140 4607 1158 4678 ὃ
1176 4609 1269 4676 ἐστιν
1286 4605 1369 4692 αἷμα
1383 4601 1437 4693 Ἰη.
1456 4629 1508 4694 χρ.
