3500 5525
263 814 353 882 baud
371 836 479 903 pauca
496 814 563 880 sint
579 814 712 897 omissa,
727 814 901 880 universus
915 814 1087 902 scriptoris
1101 824 1198 881 teum
1215 814 1306 881 cerni
1320 813 1432 894 debet,

264 930 299 987 et
317 919 381 985 hoc
399 941 440 985 eo
458 916 588 985 facilius
605 918 639 983 in
657 916 707 983 his
725 917 874 1005 epistolis
887 917 960 984 fieri
973 918 1093 1006 potuit,
1113 941 1179 1005 quo
1198 919 1303 985 minus
1317 918 1433 985 stricte

200 1024 203 1029 ’
264 1021 416 1111 singulae
433 1021 618 1087 sententiae
635 1022 669 1087 in
687 1021 727 1087 iis
740 1020 932 1105 cohaerent,
951 1044 1028 1087 nam
1041 1020 1098 1087 ubi
1112 1022 1243 1111 singula
1257 1044 1323 1088 non
1342 1032 1433 1087 arcte

265 1137 342 1192 sunt
366 1123 544 1213 conjuncta
568 1124 687 1190 lacuna
709 1148 776 1191 nou
800 1127 886 1191 bene
909 1128 1061 1191 sentitur.
1115 1125 1245 1191 Tamen
1268 1136 1303 1192 et
1326 1126 1359 1190 in
1383 1125 1433 1191 his

264 1227 413 1318 epistolis
430 1228 512 1294 satis
537 1226 641 1293 multa
666 1227 825 1293 habemus
851 1227 1014 1317 exempla,
1041 1229 1160 1316 quibus
1185 1228 1432 1318 comprobatur,

265 1355 381 1399 earum
398 1331 538 1397 formam
557 1331 755 1421 originalem
773 1354 848 1397 esse
864 1355 930 1397 non
948 1356 1057 1420 posse.
1100 1332 1157 1398 Sic
1174 1332 1281 1421 prima
1296 1354 1351 1399 res
1369 1342 1432 1415 est,

265 1459 365 1524 quarn
381 1435 619 1523 unusquisque,
644 1436 702 1523 qui
718 1435 944 1501 recensionem
963 1436 1126 1524 syriacam
1144 1434 1240 1525 legit,
1265 1434 1365 1502 debet
1383 1434 1432 1502 oi-

264 1538 402 1605 ieudere
420 1538 635 1628 epistolarum
653 1539 773 1604 esitus.
829 1539 917 1605 Nam
936 1549 1112 1627 postquam
1129 1540 1284 1627 scriptor,
1303 1548 1341 1605 ut
1358 1540 1432 1605 Ho-

264 1644 342 1709 ratii
358 1643 461 1707 verbo
480 1652 556 1708 utar
572 1643 606 1707 in
624 1641 762 1708 exordio
780 1642 943 1731 ampullas
961 1641 1114 1731 projecit,
1140 1644 1175 1708 in
1199 1642 1265 1709 fine
1288 1652 1354 1709 tam
1375 1644 1433 1708 ab·

265 1756 364 1834 rupte
393 1746 526 1830 scribit,
554 1755 593 1810 ut
617 1768 693 1833 epp.
727 1745 771 1811 ad
793 1745 870 1811 Pol.
903 1756 937 1813 et
962 1745 1116 1834 ad·Eph.
1150 1744 1238 1812 omui
1268 1746 1432 1813 salutandi

264 1849 407 1915 formula
423 1858 561 1915 careant
578 1859 614 1915 et
639 1872 680 1915 ea
703 1872 801 1937 quam
823 1848 925 1915 habet
948 1872 1000 1937 ep.
1029 1848 1071 1916 ad
1089 1850 1190 1914 Rom.
1217 1850 1350 1916 minime
1372 1872 1433 1937 pro

264 1954 430 2019 brevitate
446 1974 508 2019 sua
525 1954 701 2019 conveniat
717 1954 826 2018 verbis
840 1952 1123 2041 sesquipedalibus
1143 1953 1184 2018 ab
1198 1952 1292 2019 initio
1305 1952 1431 2042 positis.

264 2058 340 2123 Jam
357 2056 429 2123 sola
446 2056 509 2123 hac
522 2079 561 2123 re
572 2056 715 2145 suspicio
728 2066 844 2122 contra
857 2056 934 2145 Syri
948 2056 1152 2122 authentiam
1166 2066 1329 2139 movetur,
1348 2078 1434 2145 quae

264 2162 365 2227 etiam
384 2170 528 2249 augetur
545 2160 574 2225 si
591 2159 740 2249 singulas
758 2159 916 2249 epistolas
935 2157 1185 2248 perlustramus.

533 2399 565 2470 1.
619 2398 795 2493 Epistola
821 2398 870 2472 ad
895 2398 1161 2493 Polycarpum.

342 2570 381 2637 In
400 2595 452 2659 ep.
473 2570 517 2637 ad
534 2570 609 2638 Pol.
625 2572 729 2661 Syrus
748 2596 824 2639 cum
836 2594 904 2639 rec.
919 2594 1044 2662 graeca
1058 2572 1254 2661 plerumque
1268 2573 1431 2638 convenit.

266 2674 365 2750 Quod
390 2676 497 2766 primo
520 2673 630 2765 capite
654 2700 770 2743 vocem
795 2674 956 2762 ipoq‘dsrc
987 2676 1098 2743 reddit
1127 2667 1209 2798 lm,
1239 2675 1359 2743 nullius
1384 2687 1436 2743 est

265 2781 440 2863 momenti,
466 2781 581 2870 lingua
606 2803 668 2846 sua
692 2804 759 2846 non
784 2779 883 2846 facile
908 2780 972 2846 hoc
995 2781 1212 2868 compositum
1231 2782 1341 2870 potuit
1358 2781 1434 2848 red-

265 2883 357 2950 dere.
393 2882 559 2968 ‘Optuma
577 2883 664 2946 enim
683 2891 734 2946 est
752 2883 820 2946 vita
839 2883 1020 2947 communis
1039 2884 1108 2948 sive
1126 2884 1154 2946 si
1172 2883 1332 2966 ὁμοῆθτια
1350 2884 1434 2972 legi-

264 2996 331 3068 tur,
351 2985 442 3075 quod
460 2984 548 3050 redit
565 2983 609 3050 ad
628 2982 771 3068 ὁμοηθῆς
788 2982 907 3048 iisdem
926 2984 1072 3050 moribus
1090 2984 1272 3074 praeditus,
1293 2985 1334 3052 cl.
1354 2986 1436 3052 Phi-

263 3089 394 3155 lostrat.
421 3089 480 3153 vit.
506 3086 604 3174 Apol.
631 3111 665 3176 p.
686 3088 747 3171 61,
776 3089 793 3153 l
827 3095 879 3152 est
904 3086 1087 3174 aequalitas
1117 3110 1256 3154 morum.
1311 3090 1435 3155 Sensus

264 3192 426 3256 enuntiati
445 3200 513 3256 est:
541 3190 665 3256 Omnes
684 3189 854 3279 alloquere
871 3189 1054 3257 secundum
1067 3190 1206 3257 similem
1225 3191 1279 3258 dei
1297 3214 1435 3258 consue-

264 3293 424 3378 tudinem,
443 3293 478 3360 id
496 3293 586 3382 quod
604 3294 767 3382 interpres
785 3293 908 3361 latinus
929 3297 1067 3364 Areote
1086 3295 1261 3386 expressit.
1315 3295 1434 3364 Lectio

262 3397 401 3482 βοῆθεια
426 3395 510 3464 falsa
527 3408 590 3481 est,
616 3399 692 3486 Syr.
717 3421 797 3466 vero
824 3399 935 3466 locum
965 3400 1061 3466 nimis
1093 3399 1305 3490 negligenter
1336 3402 1435 3468 vertit

264 3502 429 3568 scribens:
457 3503 543 3568 Cum
562 3503 678 3589 quovis
696 3501 828 3568 homine
846 3502 984 3590 loquere
1001 3503 1183 3570 secundum
1196 3501 1264 3569 Dei
1283 3504 1434 3570 volunta·

263 3616 342 3673 tem.
383 3605 479 3672 Alter
497 3605 589 3672 locus
608 3629 675 3693 quo
694 3606 768 3694 Syr.
788 3628 863 3672 cum
883 3608 1016 3672 Graeco
1034 3629 1099 3672 uon
1118 3607 1272 3672 convenit
1291 3617 1342 3672 est
1360 3630 1433 3696 cap.

263 3707 308 3775 Π.
334 3706 352 3778 ὃ
370 3711 480 3799 καιρὸς
507 3711 574 3775 κτλ.
597 3709 656 3774 ubi
672 3707 807 3796 Lipsius
827 3717 956 3774 textum
973 3710 1058 3774 bene
1076 3709 1123 3774 ita
1140 3709 1303 3774 restituit:
1330 3707 1434 3778 ὁκαι·

265 3813 319 3898 odo
336 3809 475 3880 ἀπαιτεῖ
490 3833 529 3879 σε
547 3809 589 3887 ὡς
605 3809 794 3898 κυβερνήτης
811 3808 951 3893 ἀνέμους
974 3819 1028 3876 καὶ
1055 3808 1096 3886 ὡς
1121 3817 1198 3885 ναῦς
1223 3817 1436 3900 χειμαζομένη

264 3917 380 3998 λιμένα
398 3919 443 3992 εἷς
460 3917 497 3982 τὸ
515 3920 598 3984 θεοῦ
615 3917 790 3996 ἐπιτυχεῖν.
843 3916 919 4006 Syr.
939 3937 1054 3980 vocem
1072 3911 1211 3999 ἀνέμους
1228 3903 1383 3982 omittens
1403 3927 1437 3984 et

263 4019 458 4086 infinitivum
482 4021 526 4093 εἰς
548 4021 587 4086 τὸ
605 4025 689 4087 θεοῦ
706 4020 875 4101 ἐπιτυχεῖν
897 4018 1028 4086 solvens
1047 4019 1094 4084 ita
1112 4018 1244 4086 scribit:
1271 4021 1350 4099 uol-
1374 4011 1435 4100 ln!

262 4113 353 4201 locu
371 4114 785 4208 lot-titusulw
799 4114 887 4210 sto>
901 4111 958 4202 tal
970 4112 1046 4229 7210
1075 4113 1181 4202 leil]
1194 4113 1348 4217 ips-,sm
1364 4115 1435 4230 rt,

262 4225 285 4289 i.
305 4247 335 4289 e.
355 4234 486 4310 tempus
509 4224 669 4312 postulat,
694 4235 732 4290 ut
756 4227 963 4314 guberuator
986 4250 1104 4294 narem
1129 4235 1164 4292 et
1187 4235 1226 4292 ut
1248 4225 1275 4292 is
1294 4228 1350 4314 qui
1369 4238 1437 4294 stat

261 4329 294 4394 in
313 4325 460 4416 procella
477 4336 622 4414 portum,
646 4337 685 4393 ut
712 4327 776 4394 deo
795 4327 1009 4418 dignificeris.
1065 4332 1213 4420 Apparet
1232 4339 1337 4396 totam
1355 4331 1436 4397 ima-

261 4433 373 4520 ginem
391 4429 506 4496 hocin
529 4439 625 4496 textu
649 4453 723 4496 esse
741 4441 952 4519 corruptam
978 4431 1163 4500 Bunsenius
1189 4433 1299 4500 locum
1324 4459 1435 4502 emen·

263 4534 344 4601 dare
362 4534 474 4600 studet
492 4557 553 4623 pro
568 4530 754 4600 ἀπαιτεῖτε
767 4557 894 4623 ponens
908 4532 1072 4615 ἀπαιτεῖν,
1090 4536 1181 4626 quod
1195 4547 1307 4604 textus
1319 4540 1436 4628 graeci

261 4638 396 4726 phrasin
415 4639 456 4704 ab
475 4639 611 4728 antiquo
629 4636 760 4704 dicendi
777 4661 905 4728 genere
923 4649 1036 4706 censet
1051 4639 1211 4724 alienam
1239 4652 1349 4710 umen
1364 4641 1435 4731 jam

1188 4768 1236 4840 5.
