3500 5525
823 599 868 663 51

261 840 352 921 dum,
371 839 520 927 exceptis
539 840 624 905 enim
644 838 875 905 omissionibus
899 836 1095 925 quibusdam
1113 862 1133 907 a
1151 849 1246 907 textu
1271 836 1343 929 ejus
1365 862 1430 907 non

260 942 399 1025 recedit,
423 942 485 1009 nisi
503 941 594 1028 quod
617 964 677 1032 pro
701 933 823 1027 lmen
845 942 962 1008 scribit
984 932 1024 1020 bl
1040 960 1145 1029 um
1167 952 1203 1008 et
1220 967 1280 1032 pro
1304 946 1432 1043 egb»

259 1045 342 1129 falso
360 1053 483 1146 eb„-
539 1045 739 1113 Timotheus
756 1068 855 1128 vero,
880 1044 996 1133 quiet
1022 1043 1110 1113 huuc
1136 1046 1244 1115 locum
1269 1046 1430 1132 laudarit,

259 1174 336 1217 cum
353 1151 441 1239 Syro
459 1148 576 1215 Curet.
596 1170 662 1215 nou
679 1149 845 1229 convenit,
863 1148 978 1215 scribit
996 1150 1082 1215 enim
1097 1150 1214 1217 Curet.
1230 1154 1342 1239 pall
1361 1150 1383 1217 l.
1396 1152 1429 1219 l.

258 1245 298 1332 bl
314 1262 425 1352 pm»
459 1275 520 1341 pro
543 1244 664 1339 Ιιλιω
690 1262 726 1319 et
751 1270 898 1374 ..r-2322
921 1275 982 1340 pro
1005 1243 1081 1374 ltb's
1099 1271 1140 1351 ρ
1166 1254 1256 1319 Arm.
1277 1277 1338 1342 pro
1355 1244 1432 1377 iubs

260 1357 361 1426 babet
378 1378 453 1424 mea
476 1355 648 1425 uoluntate
671 1366 710 1423 ut
734 1356 823 1421 Tim.
849 1374 981 1477 ...r-2?
1017 1378 1083 1443 qua
1107 1356 1140 1421 in
1165 1379 1202 1422 re
1230 1354 1430 1441 dubitamus,

261 1484 303 1528 an
321 1462 397 1549 Syr.
417 1460 534 1528 Curet.
562 1461 606 1527 sit
632 1456 870 1543 emendandus,
896 1482 996 1546 quum
1023 1470 1058 1527 et
1082 1459 1114 1527 in
1132 1460 1253 1529 Pescb.
1272 1461 1373 1529 Rom.
1395 1462 1430 1542 8,

262 1567 323 1647 ab,
345 1564 455 1629 lCor.
477 1564 513 1645 9,
535 1565 579 1629 17
600 1560 683 1631 ἑκών
716 1580 847 1683 ...t-232
866 1574 930 1629 etc.
951 1562 1123 1631 reddatur.
1178 1564 1289 1652 Atque
1307 1563 1371 1631 hoc
1389 1586 1429 1631 ec

261 1668 367 1755 magis
385 1666 648 1751 commendatur,
673 1688 773 1754 quum
792 1667 996 1733 constructio
1022 1658 1063 1745 lul
1080 1659 1147 1747 ils
1162 1658 1241 1789 May
1263 1667 1306 1735 sit
1324 1666 1431 1735 duris-

261 1771 355 1855 sima,
373 1770 427 1835 vix
445 1770 532 1835 enim
550 1771 687 1835 verbum
718 1760 773 1891 123
803 1793 895 1835 mero
913 1770 1088 1859 participio
1103 1768 1258 1859 jungitur
1282 1770 1315 1835 id
1341 1771 1432 1857 quod

262 1884 338 1962 post
361 1874 462 1939 rerba
486 1872 681 1961 incipiendi,
714 1872 928 1939 continuandi
942 1871 1082 1963 jubendi
1100 1882 1135 1938 et
1151 1872 1364 1961 permittendi
1381 1873 1430 1939 lo-

262 2000 336 2042 cum
355 1975 465 2042 babet.
503 1976 631 2043 Holl‘m.
652 1978 714 2042 Gr.
730 1998 796 2065 syr.
816 2001 850 2065 p.
868 1977 955 2043 343.
993 1976 1138 2050 Quodsi
1158 1998 1237 2042 vero
1256 1986 1307 2043 est
1325 1998 1430 2061 error,

261 2082 334 2169 ipso
353 2102 467 2147 errore
485 2080 627 2146 maxime
645 2078 788 2147 affinitas
807 2078 1069 2169 fragmentorum
1096 2104 1128 2167 p.
1151 2080 1224 2145 296
1244 2103 1319 2145 cum
1337 2090 1432 2146 textu

260 2195 374 2249 nostro
394 2184 639 2273 comprobatur.
667 2184 793 2250 Vocem
804 2186 933 2271 μᾶλλον
946 2184 1051 2272 Syrus
1069 2182 1229 2250 infinitivo
1244 2182 1430 2273 emphatice

263 2286 507 2370 addito-habet,
528 2311 625 2374 quem
642 2288 734 2355 Arm.
755 2287 889 2376 quidem
908 2285 1073 2376 exprimit,
1100 2284 1292 2353 adverbium
1312 2279 1432 2367 bslzab·

262 2400 373 2455 autem
400 2388 535 2479 insuper
559 2390 663 2474 addit,
696 2390 786 2479 quod
818 2389 1000 2457 secundum
1031 2390 1150 2455 librum
1175 2412 1335 2479 graecum
1360 2389 1431 2479 ejus

262 2494 368 2559 textui
386 2493 545 2559 insertum
563 2493 705 2560 videtur.
740 2494 811 2561 Pro
830 2493 1021 2583 κατάκριτος
1039 2494 1114 2582 Syr.
1134 2492 1227 2583 ponit
1243 2484 1374 2575 lam,
1393 2503 1432 2559 ut

260 2597 293 2662 in
311 2596 432 2663 Pesoh.
452 2596 633 2683 κατάκριμα
651 2608 703 2665 est
725 2590 832 2679 ΙΝ..
858 2584 970 2665 200r.
993 2598 1028 2683 3,
1049 2598 1071 2664 8
1091 2607 1126 2662 et
1141 2588 1299 2677 limum
1318 2596 1429 2663 teor.

262 2705 296 2787 7,
318 2704 352 2769 2.
408 2701 519 2769 Verba
537 2702 654 2770 ultima
671 2704 828 2788 κασμικὸν
844 2700 864 2792 ἢ
880 2699 1034 2788 μάταιον,
1057 2724 1076 2768 a
1096 2700 1170 2792 Syr.
1192 2702 1282 2769 Arm.
1302 2700 1381 2769 Lat.
1404 2704 1432 2768 A

260 2807 393 2890 omissa,
412 2815 489 2871 suut
505 2805 631 2896 glossa.

340 2979 424 3064 Cap.
450 2977 492 3042 V.
542 2973 620 3042 ’Am
645 2972 683 3044 od
700 2975 795 3061 παρὰ
812 2982 908 3045 ταῦτα
928 2977 1133 3062 didascalorum
1151 3000 1191 3042 ex
1220 2978 1329 3044 lCor.
1350 2978 1386 3059 4,
1407 2979 1430 3044 4

261 3079 441 3168 repetitum
462 3080 496 3144 in
514 3079 635 3146 Pescla.
661 3079 708 3144 sic
733 3079 858 3168 legitur
886 3072 985 3167 boul
1001 3074 1091 3168 lyon
1110 3077 1157 3148 eb.
1175 3072 1230 3158 lll.
1286 3078 1432 3164 Εὔχομαι

262 3180 377 3266 ἕτοιμά
393 3208 449 3266 μοι
468 3179 641 3271 stipadium
655 3183 730 3274 Syr.
740 3179 862 3299 Q
877 3183 1061 3252 confestim.
1088 3185 1193 3250 Ambo
1208 3183 1300 3250 Latt.
1317 3187 1432 3270 ἕτοιμα

262 3283 428 3375 legerunt,
453 3288 484 3352 B
502 3285 662 3370 σύντομα,
690 3285 780 3376 quod
804 3289 899 3353 nobis
917 3287 1049 3354 videtur
1066 3299 1250 3378 praestare,
1278 3311 1378 3376 quum
1398 3298 1432 3354 et

260 3387 360 3478 apud.
415 3389 497 3457 Eus.
530 3400 639 3457 exstat
664 3391 780 3458 Curet.
815 3417 847 3482 p.
877 3393 964 3478 203,
991 3392 1013 3458 l.
1038 3395 1102 3474 14;
1135 3393 1211 3482 Syr.
1244 3391 1431 3482 Singularis

258 3545 344 3606 ..διο
361 3577 371 3595 .
389 3576 423 3597 ..
442 3514 555 3615 &225
574 3551 635 3617 pro
651 3528 880 3613 ὀειλαινόμενα
895 3577 903 3594 .
920 3577 954 3596 ..
974 3527 1105 3618 ἥψαντο
1120 3528 1349 3617 reprobandus
1367 3539 1430 3612 est,

258 3655 461 3719 quamquam
478 3632 644 3698 interdum
663 3653 686 3700 o
704 3641 739 3698 et
755 3673 780 3700 o
797 3633 831 3696 in
854 3632 920 3696 fine
940 3633 961 3696 3
982 3653 1031 3718 ps.
1051 3631 1136 3718 plur.
1157 3632 1256 3719 plane
1274 3630 1431 3719 abjician-

260 3745 316 3802 tur
334 3735 461 3802 Hoffm.
482 3737 543 3802 Gr.
564 3759 629 3824 syr.
650 3760 684 3824 p.
708 3737 791 3800 171.
831 3735 908 3800 Jam
925 3735 1016 3800 Arm.
1037 3733 1100 3799 boc
1118 3733 1192 3800 loco
1211 3743 1338 3799 textum
1357 3756 1431 3801 cor-

260 3848 395 3926 ruptum
413 3838 538 3906 habuit.
577 3839 705 3930 Capitis
723 3839 765 3905 V.
785 3836 905 3926 fragm.
926 3835 969 3906 ad
988 3847 1134 3902 nostram
1153 3837 1337 3904 versionem
1355 3858 1430 3926 per-

261 3941 367 4010 tinens
386 3952 495 4010 exstat
512 3944 628 4012 Curet.
649 3967 681 4032 p.
704 3944 791 4028 201,
818 3964 885 4031 quo
911 3940 1028 4008 lacuna
1046 3941 1112 4008 loci
1129 3941 1234 4008 nostri
1252 3943 1336 4008 bene
1354 3964 1431 4029 sup-

260 4045 382 4134 pletur,
401 4069 477 4114 nam
496 4057 572 4136 post
595 4046 786 4132 συγγνώμην
806 4072 863 4130 μοι
884 4047 972 4128 ἔχετε
990 4047 1056 4115 κτλ.
1083 4055 1174 4112 recte
1193 4044 1287 4112 addit
1313 4062 1379 4123 u..
1391 4036 1431 4123 bl

260 4142 378 4248 lyffl·
390 4141 484 4235 lootlt
503 4141 542 4224 bl
558 4142 637 4230 lom
653 4142 741 4236 μοι)
759 4141 809 4229 lll-
865 4147 965 4225 Quod
993 4171 1073 4215 vero
1100 4172 1160 4237 pro
1179 4157 1282 4217 *ΑΒ
1300 4125 1432 4236 scripsit

261 4262 355 4330 ..99
373 4265 425 4318 est
443 4274 538 4318 error
554 4251 737 4318 levissimus
755 4276 775 4318 e
792 4252 979 4320 litterarum
1002 4253 1104 4320 ductu
1131 4250 1312 4340 profectus,
1339 4251 1432 4318 deni-

262 4333 327 4442 bus
345 4380 407 4445 pro
424 4361 489 4459 χόν
506 4355 666 4442 scriptum
684 4355 786 4422 estin
804 4354 903 4445 frgm.
930 4349 1023 4456 Nlgm,
1049 4355 1140 4444 quod
1158 4355 1233 4444 Syri
1252 4355 1285 4424 in
1305 4355 1432 4446 syllaba

263 4457 296 4523 in
314 4459 480 4547 duplicem
498 4481 675 4526 consonam
693 4467 836 4524 exeunte
853 4459 1019 4524 interdum
1037 4470 1164 4548 ponunt
1182 4451 1199 4535 l
1219 4461 1347 4532 Hoffm.
1368 4461 1429 4528 Gr.

263 4581 297 4647 p.
319 4563 404 4628 201.
458 4564 589 4632 Textus
619 4572 655 4629 et
685 4561 804 4652 fragm.
837 4578 899 4652 pro
930 4568 1057 4648 θηρίων
1080 4562 1255 4638 συστάσεις
1284 4565 1433 4632 scribunt

264 4659 355 4754 (Δ)
373 4672 506 4764 <xpm
524 4661 620 4747 fluia·
650 4668 699 4736 sic
723 4676 759 4734 et
774 4667 866 4735 Arm.
893 4666 1032 4752 bestiae,
1065 4689 1150 4755 quae
1181 4678 1319 4756 paratae
1343 4677 1430 4732 sunt.

1185 4795 1229 4868 4.
