3500 5525
894 574 942 640 28

816 678 1020 689 -u—nn

334 816 370 883 in
389 818 572 883 Gelasium.
626 814 770 882 Omnino
797 836 878 881 vero
903 834 974 881 rem
996 834 1091 879 suam
1108 811 1300 901 impeditam
1318 810 1430 877 reddit
1447 810 1506 877 Li-

279 958 282 962 ·
337 920 440 1009 psius,
460 931 609 987 statuens
622 921 729 1009 ipsum
743 918 892 985 codicem
906 916 1093 984 Mediceum
1108 914 1235 983 mendis
1249 916 1414 996 laborare,
1429 935 1506 979 narn

337 1035 409 1090 tum
427 1025 628 1090 recensionis
648 1030 677 1088 Α
701 1022 826 1087 nullum
845 1021 947 1087 habet
963 1031 1083 1087 testem
1100 1020 1242 1085 firmum.
1289 1018 1390 1093 Quod
1408 1018 1436 1083 si
1453 1040 1505 1083 re

335 1138 427 1193 ctum
446 1138 497 1193 est
513 1138 586 1193 tota
602 1128 709 1216 Lipsii
726 1126 831 1191 thesis
846 1148 914 1190 non
932 1135 983 1190 est
1001 1122 1220 1190 defendenda.
1262 1121 1505 1189 Collationibus

336 1253 403 1297 non
421 1233 651 1319 comprobavit
667 1252 748 1295 vere
765 1229 849 1295 duas
866 1239 979 1295 textus
998 1250 1071 1294 esse
1095 1224 1249 1309 familias,
1274 1224 1505 1291 collationibus

337 1334 459 1401 nostris
476 1336 709 1401 auctoritatem
726 1333 862 1399 testium
880 1334 922 1398 ab
946 1356 986 1397 eo
1004 1330 1180 1397 allatorum
1205 1328 1383 1395 admodum
1400 1328 1505 1393 immi-

313 1505 315 1508 ,
337 1439 448 1503 unisse
466 1439 560 1503 nohis
577 1438 740 1519 ridemur,
765 1437 812 1502 ita
829 1446 868 1501 nt
892 1433 1131 1501 contendamus
1157 1458 1176 1499 e
1200 1433 1380 1499 lectionum
1399 1432 1505 1497 varie-

336 1551 419 1624 tate,
440 1541 557 1607 abillo
575 1552 611 1607 et
629 1541 760 1607 anobis
780 1540 964 1628 proposita,
990 1537 1070 1603 nihil
1089 1537 1202 1626 colligi
1221 1558 1330 1625 posse,
1357 1536 1420 1601 nisi
1434 1533 1505 1623 jam

335 1645 565 1731 antiquissimo
583 1656 734 1733 tempore
751 1654 879 1709 textum
895 1641 1073 1707 admodum
1091 1640 1192 1707 fuisse
1207 1639 1354 1723 dubium,
1375 1637 1504 1705 addita-

335 1746 522 1835 mentisque
540 1748 776 1830 adulteratum,
803 1746 947 1833 denique
963 1768 1029 1811 non
1047 1744 1148 1810 licere
1166 1754 1275 1809 certas
1293 1743 1376 1809 duas
1393 1752 1505 1808 textus

335 1850 459 1917 formas
477 1851 695 1941 distinguere.
741 1852 820 1916 Hac
837 1872 916 1915 sero
934 1850 967 1915 in
990 1870 1028 1914 re
1045 1846 1224 1935 Lipsianae
1243 1846 1505 1935 argumentatio-

334 1956 386 2019 nis
403 1954 652 2021 fundamentum
671 1964 723 2019 est
739 1955 895 2044 positum,
916 1975 982 2039 quo
1000 1950 1165 2017 labefacto
1183 1951 1277 2017 nobis
1296 1950 1439 2037 denique
1457 1950 1505 2015 in—

335 2058 567 2146 vestigandum
588 2059 689 2126 estin
705 2069 857 2123 naturam
876 2056 953 2146 Syri
972 2055 1188 2122 Curetoniani
1213 2064 1248 2120 et
1266 2052 1504 2141 quaerendum,

335 2184 414 2227 num
431 2160 520 2227 forte
538 2162 602 2229 alia
621 2163 750 2227 ratione
768 2160 915 2227 adhibita
930 2160 1013 2226 certi
1032 2158 1168 2247 quidde
1187 2156 1258 2249 ejus
1276 2154 1388 2223 indole
1401 2156 1506 2245 possit

335 2264 475 2329 definiri.

816 2456 1020 2463 ———--—-

739 2682 889 2767 Caput
914 2684 1105 2748 tertium.

379 2837 432 2936 lle
463 2837 596 2942 indole
627 2835 827 2936 versionis
859 2835 1041 2959 syriacas
1074 2833 1466 2961 dequelragucnlis

755 2991 831 3089 luc
862 2992 1080 3089 trahendis.

412 3191 524 3264 Quum
549 3212 589 3254 eo
613 3190 816 3276 processerit
840 3189 994 3276 Lipsius,
1027 3199 1065 3254 ut
1090 3187 1132 3253 de
1157 3187 1349 3255 recensione
1375 3187 1503 3276 syriaca

334 3303 427 3381 agat,
446 3302 539 3358 recte
564 3291 728 3380 duplicem
747 3291 924 3358 Uhlhornii
948 3294 1177 3380 quaestionem
1202 3291 1336 3379 repetit,
1361 3292 1502 3378 primum

336 3397 422 3462 enim
441 3394 668 3482 quaerendum
692 3418 765 3460 esse
790 3395 889 3478 dicit,
915 3397 1047 3483 qualem
1071 3406 1198 3461 textum
1223 3395 1327 3482 Syrus
1352 3394 1502 3475 verterit,

335 3499 456 3565 deinde
473 3497 642 3586 quomodo
666 3521 742 3591 eum
767 3498 963 3565 reddiderit.
1010 3499 1078 3566 Sed
1102 3499 1214 3564 statim
1240 3499 1338 3563 affert
1363 3496 1503 3563 familias

334 3625 423 3687 suas,
450 3625 518 3690 qua
542 3603 575 3667 in
601 3625 639 3668 re
664 3625 745 3684 nos,
770 3604 827 3691 qui
851 3604 946 3669 nobis
967 3601 1038 3693 jam
1062 3603 1284 3692 persuasimus
1303 3612 1429 3667 temere
1447 3623 1502 3666 eas

334 3730 408 3773 esse
424 3706 624 3790 ‚disthrctas,
656 3729 758 3794 opere
781 3706 949 3774 laborioso
974 3707 1241 3796 supersedentes,
1273 3728 1339 3772 non
1363 3704 1502 3793 amplius

334 3821 450 3877 contra
468 3811 620 3899 Lipsium
638 3811 670 3874 in
696 3810 874 3877 lectionum
903 3813 1098 3876 varietatem
1122 3810 1338 3896 inquiremus,
1365 3809 1425 3874 sed
1449 3831 1502 3874 or-

336 3913 413 3979 dine
430 3914 560 3979 inverso
580 3914 720 4001 primum
739 3937 937 4001 quaeremus
956 3913 1123 4000 quomodo
1142 3915 1246 4000 Syrus
1265 3913 1385 3978 librum
1402 3935 1502 4001 grae·

335 4039 412 4082 cum
435 4017 590 4099 verterit,
616 4039 718 4103 quum
745 4017 853 4082 soluta
879 4015 1012 4081 demum
1035 4016 1098 4080 hac
1121 4016 1314 4102 quaestione
1341 4015 1383 4081 de
1408 4025 1503 4080 textu

334 4141 435 4206 quem
451 4118 606 4184 habuerit
618 4117 781 4207 judicium
799 4119 887 4183 leire
905 4118 1014 4184 liceat.
1060 4117 1193 4184 Deinde
1211 4119 1297 4184 inter
1314 4116 1503 4204 fragmenta

333 4223 463 4311 syriaca
477 4223 593 4287 Curet.
614 4247 646 4309 p.
668 4224 863 4286 197-221
889 4221 1053 4309 quaedam
1071 4219 1206 4288 eosdem
1224 4219 1314 4285 locos
1333 4219 1501 4298 exhibent,

333 4348 417 4413 quos
435 4334 471 4390 et
488 4325 592 4412 Syrus
611 4326 727 4390 Curet.
747 4323 860 4410 hahet,
889 4337 924 4392 et
947 4348 1022 4392 cum
1047 4349 1088 4392 eo
1106 4328 1190 4391 bene
1208 4319 1437 4388 convenientia
1455 4317 1501 4382 ei·

334 4427 411 4495 dem
428 4427 572 4494 versioni
589 4436 667 4492 sunt
684 4428 901 4514 accensenda,
929 4430 962 4496 in
981 4431 1101 4497 ceteris
1119 4450 1210 4510 vero,
1229 4424 1286 4491 uhi
1305 4423 1381 4513 Syri
1399 4423 1502 4488 ratio-

333 4555 410 4598 nem
427 4530 643 4621 cognovimus
661 4532 846 4620 perieulum
863 4533 1021 4600 iaciemus
1040 4551 1202 4620 quaerere
1225 4549 1305 4594 num
1331 4538 1366 4596 et
1384 4527 1417 4594 in
1434 4525 1501 4592 fra-

331 4635 477 4726 gmentis
495 4633 645 4724 ejusdem
663 4637 833 4726 scriptoris
852 4660 967 4704 manus
985 4635 1092 4725 possit
1108 4631 1323 4723 deprehendi.
