3500 5525
838 580 861 645 3

750 688 953 698 -----

267 821 342 887 dem
361 821 452 887 brevi
469 819 588 904 forma,
614 818 748 909 rejectis
766 820 886 885 ceteris
906 820 1067 903 omnibus,
1087 820 1254 910 genuinae
1270 820 1436 888 habentur

267 982 286 1025 a
305 960 488 1043 Curetono,
506 958 675 1023 Bunsenio
695 955 837 1045 denique
854 957 983 1047 Lipsio,
1011 966 1127 1024 contra
1146 980 1240 1046 quos,
1265 969 1304 1024 ut
1320 960 1360 1027 iis
1379 981 1434 1025 ac-

241 1058 378 1161 cidere
396 1095 492 1180 solet,
519 1095 575 1183 qui
600 1094 709 1161 locum
733 1094 879 1160 medium
906 1106 1081 1184 occupant,
1107 1097 1149 1163 ab
1172 1104 1314 1183 utraque
1338 1106 1435 1187 parte

266 1232 389 1299 bellum
408 1243 460 1299 cst
477 1243 621 1315 motum3
647 1256 723 1299 nam
749 1232 839 1321 quod
863 1233 923 1299 bas
949 1244 1019 1299 tres
1044 1233 1202 1322 epistolas
1228 1243 1361 1300 servent
1379 1232 1432 1300 01.

223 1331 228 1337 ρ
266 1370 409 1436 Baurius
427 1370 652 1459 'I'ubingensis
669 1370 873 1435 Bunsenium
893 1380 944 1436 est
962 1392 1154 1460 aggressus,
1174 1370 1264 1458 quod
1281 1392 1362 1437 vero
1380 1392 1435 1437 ce-

266 1518 356 1573 teras
380 1506 537 1597 epistolas
559 1518 718 1596 respuant
741 1506 912 1592 Uhlbom,
944 1507 1148 1597 Denzinger,
1175 1504 1298 1575 Helele
1322 1507 1365 1573 al.
1393 1508 1435 1573 ab

266 1668 382 1711 eorum
390 1647 554 1711 sententia
562 1645 724 1712 recedunt
738 1656 773 1712 et
786 1656 903 1712 contra
916 1669 973 1712 eos
988 1647 1020 1711 in
1036 1668 1169 1712 arenam
1179 1644 1433 1712 descenderunt.

344 1784 440 1857 Quae
458 1806 558 1871 quum
576 1784 623 1850 ita
641 1784 717 1868 sint,
737 1808 796 1850 nos
814 1794 852 1849 ut
869 1764 990 1873 cuique
1014 1807 1108 1849 suum
1134 1784 1336 1865 tribuamus,
1362 1806 1436 1848 eam

267 1920 415 1985 secuturi
432 1943 544 1986 sumus
562 1921 742 2006 rationem,
768 1931 807 1986 ut
832 1921 973 2009 primum
994 1928 1226 2009 argumentum
1245 1929 1279 1985 et
1296 1916 1436 1985 formam

268 2080 383 2123 earum
402 2058 630 2147 epistolarum,
656 2081 739 2146 quas
764 2057 894 2146 syriace
919 2079 985 2121 non
1003 2056 1173 2141 babemus,
1201 2079 1276 2121 cum
1300 2056 1339 2121 iis
1357 2079 1436 2123 con-

266 2194 424 2279 feramus,
444 2218 583 2283 quarum
602 2195 711 2261 versio
738 2194 868 2284 syriaca
896 2204 1014 2260 exstat.
1069 2192 1203 2259 Deinde
1229 2216 1309 2259 vero
1334 2194 1436 2283 ipsius

267 2333 418 2421 syriacae
435 2301 595 2397 versionis
613 2342 732 2397 natura
751 2332 815 2398 erit
832 2311 1063 2421 investigenda
1084 2332 1218 2397 stratio
1235 2330 1435 2417 definienda,

267 2492 355 2557 quae
372 2470 460 2535 inter
477 2493 553 2536 eam
570 2480 604 2535 et
622 2479 748 2535 textum
762 2492 922 2558 graecum
936 2468 1134 2553 intercedat,
1154 2491 1220 2557 qua
1238 2469 1271 2533 in
1289 2490 1326 2533 re
1343 2467 1436 2558 frag-

266 2617 377 2673 menta
396 2608 525 2697 syriaca
543 2630 608 2672 non
627 2618 703 2673 sunt
723 2591 939 2697 negligenda.
994 2606 1149 2695 Denique
1168 2606 1271 2695 Syrus
1298 2606 1368 2694 ipse
1386 2618 1437 2671 est

267 2744 544 2835 introspiciendus
563 2756 597 2812 et
615 2746 798 2834 quaeritur,
825 2769 904 2811 num
930 2754 981 2811 tot
1005 2744 1086 2811 locis
1105 2743 1233 2810 omissis
1252 2767 1436 2810 connexum

267 2884 390 2949 bonum
408 2883 602 2948 servaverit.
655 2882 724 2946 Ubi
743 2880 785 2946 de
803 2882 889 2969 Syro
916 2883 1045 2970 agimus
1070 2891 1206 2968 praeter
1229 2881 1437 2948 recensiones

269 3042 410 3107 graecas
429 3029 464 3084 et
480 3019 633 3083 versione
651 3017 838 3081 armeniaca
851 3026 995 3100 utemur,
1017 3039 1102 3104 quae
1116 3017 1277 3082 tredecim
1291 3018 1438 3083 continet

268 3151 478 3246 epistolas¹),
505 3177 604 3243 quam
622 3178 663 3220 ex
688 3164 803 3220 nostro
830 3156 917 3244 Syro
943 3152 1129 3220 conlectam
1154 3149 1436 3246 Petermannus²)

268 3292 450 3360 contendit.
496 3293 568 3359 Nos
587 3291 722 3382 linguae
739 3291 849 3380 ignari
867 3292 929 3356 viri
947 3291 1066 3357 summi
1084 3292 1276 3359 auctoritati
1294 3292 1437 3360 libenter

267 3430 423 3497 cedentes
442 3430 526 3496 alius
544 3439 673 3496 tantum
692 3429 901 3495 armeniacae
920 3428 1055 3518 linguae
1081 3430 1180 3518 periti
1199 3430 1367 3496 afferimus
1381 3428 1436 3518 ju-

268 3562 440 3658 dicium3),
461 3568 517 3656 qui
532 3567 623 3651 dicit,
642 3566 740 3656 hujus
758 3568 918 3633 versionis
933 3567 1054 3656 stylum
1073 3568 1151 3656 ipsis
1165 3569 1327 3633 Armeniis
1347 3569 1436 3634 seni-

268 3729 347 3794 gma
364 3705 477 3788 fuisse,
495 3704 603 3771 donec
621 3729 641 3771 a
658 3705 884 3771 Petermanno
904 3703 1167 3770 demonstratum
1186 3706 1239 3788 sit,
1260 3705 1345 3770 banc
1363 3703 1436 3770 vst-

268 3843 393 3908 sionem
413 3865 453 3908 ex
471 3842 585 3932 lingua
612 3843 761 3908 scmitica
785 3842 950 3931 originem
974 3840 1118 3907 duxisse.
1173 3841 1227 3907 De
1245 3842 1437 3906 recensione

267 4003 391 4070 graeca
409 3978 562 4068 longiore
580 3979 745 4046 disserere
762 4003 827 4045 non
846 3980 1069 4046 necessarium
1087 3987 1254 4067 putamus,
1275 4001 1374 4067 quum
1394 3978 1437 4045 ad

344 4281 370 4348 ¹)
389 4279 504 4333 Decime
520 4281 601 4333 tertia
619 4285 661 4332 est
678 4281 795 4348 epistole
811 4280 913 4332 Mariae
932 4278 1121 4333 Cassobolitae
1141 4280 1176 4332 ad
1193 4281 1337 4349 ignatium.

340 4385 367 4452 ²)
386 4385 551 4436 Petermann
573 4382 601 4436 S.
625 4383 725 4451 Ignatii
747 4383 835 4435 Petris
862 4382 1014 4450 Apostolici
1041 4398 1112 4450 quae
1138 4384 1261 4436 feruntur
1288 4383 1435 4451 Epistolae.

267 4469 375 4535 Lipsiae
385 4468 462 4525 1849.

343 4571 370 4637 ¹)
389 4571 418 4624 P.
435 4571 493 4625 los.
510 4571 624 4641 Kelergi
642 4571 824 4624 liecbitarista
842 4570 1006 4622 Viennensis
1028 4573 1055 4622 in
1075 4570 1207 4624 Scheiner
1224 4571 1378 4624 zeitschrift
1396 4572 1439 4622 fiir

268 4654 344 4707 bath.
362 4655 523 4726 Theologie.
563 4657 636 4714 1852,
671 4675 698 4726 p.
716 4656 776 4713 319.

1192 4759 1234 4830 ,r
