3500 5525
87 4760 101 4817 ’ν

819 584 867 648 25

742 690 945 701 -—

338 824 563 913 Interpolator
579 824 722 912 primum
740 823 857 889 locos
874 823 1058 889 hihlicos
1083 822 1222 904 addit,
1247 832 1285 888 ut
1303 822 1426 888 doctri-

259 950 376 995 narum
394 929 568 993 veritatem
586 927 770 993 confirmet.
798 927 963 1015 Exempla
977 937 1053 992 sunt
1066 926 1327 1009 innumerabilia,
1346 926 1426 991 loci-

259 1054 325 1119 que
348 1033 381 1097 in
400 1030 477 1097 edd.
505 1030 668 1113 adnotati,
695 1030 861 1096 interdurn
894 1041 928 1097 et
958 1031 1070 1119 inepte
1100 1030 1191 1097 locos
1223 1030 1350 1115 laudat,
1382 1027 1424 1095 cl.

258 1134 347 1223 Eph.
369 1138 404 1216 5,
422 1133 506 1199 Mth.
530 1136 589 1219 18,
610 1136 671 1201 28.
788 1150 794 1163 ⁶

337 1237 482 1322 Deinde,
514 1260 620 1326 quae
646 1239 829 1303 obscure
860 1235 974 1303 dicta
1005 1248 1102 1303 sunt
1133 1237 1324 1326 explicat
1355 1256 1427 1301 seu

260 1342 509 1408 accuratius
534 1340 711 1426 definit,
735 1341 945 1430 imagines
971 1340 1230 1431 diligentius
1249 1340 1424 1424 excolit,

259 1443 1427 1533 etquaeoomprehensusintdifliciliasimpliciuspro·

257 1549 394 1635 ponit,
421 1571 488 1636 quo
512 1547 602 1614 facto
627 1548 828 1637 elegantiam
852 1548 930 1637 styli
953 1548 1050 1614 ualde
1069 1548 1171 1614 laedit
1189 1570 1331 1635 eumque
1348 1570 1426 1636 pro-

258 1651 360 1717 lixum
377 1651 500 1737 reddit,
519 1651 562 1717 cf.
581 1652 657 1718 Pol.
679 1656 700 1717 h
720 1653 776 1718 διὰ
791 1658 889 1720 τοῦτο
913 1650 967 1743 (ἐκ
993 1659 1098 1741 ψυχῆς
1119 1660 1174 1719 καὶ
1201 1651 1352 1736 σώματος
1376 1648 1425 1741 el)

258 1758 409 1841 σαρκικὸς
425 1765 479 1820 καὶ
496 1756 737 1840 πνεομοτικὸς,·
763 1778 836 1844 cap.
859 1756 880 1821 3
906 1760 963 1821 iva
981 1764 1034 1821 καὶ
1052 1752 1150 1830 οὗτος
1167 1752 1249 1840 ἡμᾶς
1267 1752 1425 1847 ὑπομείνῃ

259 1854 437 1951 (ἀναμείνῃ
455 1860 500 1934 εἷς
516 1865 575 1945 τῆν
591 1857 780 1949 βασιλείαν)
799 1858 893 1924 addit
917 1857 1166 1945 συντομώτερον
1190 1855 1310 1945 lipsium
1335 1856 1424 1945 Eph.

260 1963 282 2025 2
303 1960 397 2027 addit
414 1958 551 2047 ἄμωμον
567 1972 602 2027 et
619 1968 678 2029 τοῦ
694 1960 954 2047 μακαριστᾶτοο,
974 1984 1046 2049 cap.
1064 1966 1084 2026 4
1106 1959 1200 2026 addit
1217 1966 1275 2027 τοῦ
1293 1968 1426 2045 ποιμαί-

258 2088 372 2140 νοντος
396 2062 497 2150 inde,-
523 2089 596 2155 cap.
626 2066 648 2132 8
679 2064 874 2154 paradoxon
905 2061 987 2129 illud
1018 2064 1099 2129 ἃδέ
1132 2063 1293 2129 καὶκατὰ
1319 2061 1425 2152 σάρκα

258 2166 440 2255 πράσσετε,
458 2175 564 2235 ταῦτα
582 2168 786 2254 πνευματικά
804 2170 896 2234 ἐστιν
914 2168 960 2232 ita
979 2176 1101 2233 mutat:
1128 2164 1217 2251 ὑμεῖς
1241 2168 1277 2233 δὲ
1295 2168 1426 2255 πληροῖς

257 2267 349 2345 ὄντες
372 2278 431 2339 τοῦ
457 2269 551 2353 ἁγίου
575 2296 634 2337 nv.
659 2268 755 2338 οὐδὲν
779 2271 934 2357 σορκικὸν
964 2268 1048 2336 ἀλλὰ
1078 2271 1283 2354 πνευματικὰ
1313 2268 1425 2337 πάντα

258 2372 446 2460 oracionem
472 2396 546 2463 cap.
567 2376 589 2440 9
615 2373 802 2440 haereticos
820 2374 916 2441 anxie
935 2373 1102 2463 depingit;
1130 2397 1202 2462 cap.
1225 2374 1271 2439 19
1291 2382 1426 2461 praeter

261 2477 405 2566 magiam
429 2478 576 2566 goetiam
600 2500 733 2565 quoque
760 2488 794 2543 ct
818 2476 1016 2543 mundanam
1042 2478 1235 2565 sapientiam
1260 2486 1423 2561 recenset,

259 2580 320 2646 Tr.
343 2582 365 2646 9
383 2581 515 2669 singula
534 2580 778 2647 haereticorum
802 2582 935 2647 nomina
954 2580 1044 2665 dicit,
1074 2581 1263 2669 saepissime
1282 2579 1424 2668 denique

259 2683 383 2749 Christi
401 2685 524 2751 nomini
542 2685 733 2775 praedicata
753 2684 859 2769 addit,
879 2708 908 2751 e.
929 2709 964 2775 g.
984 2690 1043 2751 τοῦ
1059 2691 1169 2770 νορῖοο
1187 2682 1277 2772 ἡμῶν
1294 2683 1337 2749 al.

334 2789 422 2854 'Pam
442 2812 641 2878 excursus
660 2789 928 2877 dogmaticos
953 2788 1076 2870 lacit,
1104 2787 1424 2876 doctrinamque

257 2913 332 2956 suo
351 2902 541 2980 tempore
559 2892 838 2971 haereticam,
853 2901 979 2956 antea
997 2890 1421 2978 verononrejectam,

258 2994 468 3078 emendat,
488 2993 531 3060 cf.
551 2995 612 3060 Tr.
634 2995 773 3077 9-10,
796 2994 853 3058 ubi
871 3003 976 3058 totam
996 2993 1129 3058 serioris
1148 2995 1265 3059 aetatis
1285 2993 1424 3058 christo-

257 3095 382 3184 logiam
401 3096 534 3184 ignatio
552 3095 706 3172 intrudit;
734 3119 807 3185 cap.
835 3097 856 3162 3
883 3097 912 3161 ei
938 3119 1004 3162 non
1035 3095 1158 3162 sufficit
1189 3095 1322 3179 dixisse,
1354 3097 1424 3162 sine

259 3197 406 3263 diaconis
425 3210 459 3265 et
476 3199 679 3288 presbyteris
697 3223 762 3265 non
780 3223 854 3266 esse
875 3199 1060 3284 ecclesiam,
1088 3199 1147 3264 sed
1171 3199 1265 3267 addit
1288 3199 1424 3292 (contra

198 3291 203 3298 ’
259 3300 445 3368 haereticos
464 3301 643 3393 quosdam)
662 3303 835 3369 ecclesiam
853 3326 919 3369 non
934 3327 1007 3369 esso
1021 3303 1255 3389 σονάθροισμα
1273 3302 1373 3387 ἁγίων
1391 3315 1425 3370 et

247 3406 449 3493 συναγωγὴν
466 3404 587 3483 ὁσίων,·
612 3406 688 3473 ΡοΙ.
706 3409 727 3474 3
747 3407 879 3496 singula
898 3407 1023 3473 Christi
1040 3407 1233 3496 praedicata
1251 3408 1311 3474 τὸν
1328 3404 1424 3495 ἄχρο-

258 3533 318 3575 νον
334 3508 406 3575 rell.
427 3510 550 3576 certius
570 3509 697 3595 delinit,
722 3511 788 3576 imo
814 3521 954 3594 textum,
981 3509 1075 3598 cujus
1101 3514 1203 3577 verba
1221 3510 1423 3596 offendebat,

257 3611 461 3695 emendavit,
485 3636 547 3702 pro
577 3617 615 3680 ἐν
644 3618 759 3698 αἵματι
788 3621 872 3681 3εοῦ
902 3613 989 3702 Eph.
1020 3616 1037 3678 l
1067 3615 1213 3680 scribens
1243 3617 1280 3681 ἐν
1310 3619 1425 3698 αἵματι

256 3722 402 3802 χριστοῦ.

334 3817 489 3905 Denique
515 3841 820 3908 saepenumero
838 3829 995 3885 textum
1014 3819 1190 3885 mutavit
1208 3819 1329 3906 quasi
1347 3841 1424 3884 mu-

257 3921 377 3986 tandi
408 3920 555 3988 furore
586 3946 763 4011 pressus
794 3925 841 3988 ita
866 3933 905 3988 ut
929 3924 1146 3988 mutationum
1165 3945 1265 3988 causa
1285 3922 1350 3988 dici
1368 3945 1425 3988 ne-

257 4035 369 4112 qucat,
402 4049 534 4114 saepe
563 4027 693 4092 etiam
721 4026 771 4092 ad
795 4026 1117 4093 restituendum
1141 4049 1291 4093 nexum
1311 4027 1424 4092 addi-

256 4129 453 4195 tamentis
478 4140 722 4217 corruptum
750 4131 993 4218 particulas
1026 4132 1088 4213 dt,
1119 4139 1208 4210 rot,
1240 4128 1312 4198 cdv
1343 4129 1424 4195 alias

255 4233 377 4320 posuit.

333 4335 403 4400 Hic
420 4334 608 4423 praemissis
625 4345 833 4402 revertamur
851 4336 894 4402 ad
919 4337 1028 4403 locum
1047 4347 1195 4403 nostrum
1220 4337 1288 4402 Sm.
1310 4337 1344 4419 l,
1368 4337 1424 4401 uhi

257 4435 372 4524 ejectis
391 4437 521 4504 duobus
538 4438 620 4504 locis
644 4439 771 4504 biblicis
790 4440 864 4505 col.
889 4443 922 4525 1,
945 4443 1003 4525 15,
1030 4442 1129 4507 Rom.
1155 4442 1229 4522 1‚3
1257 4450 1290 4506 et
1315 4441 1424 4506 verbis

257 4541 540 4626 πολιτεοσᾶμενον
557 4541 655 4618 ὁσίως
672 4539 752 4610 ἄνευ
771 4542 932 4631 ἁμαρτίας
954 4544 1074 4610 lPetr.
1093 4547 1127 4628 2,
1149 4547 1197 4609 22
1217 4544 1258 4610 cl.
1275 4553 1340 4610 act.
1362 4545 1423 4626 23,

261 4642 295 4725 l,
315 4664 400 4730 quae
424 4667 533 4734 neque
557 4647 731 4714 Armenius
755 4669 865 4736 neque
888 4644 987 4737 lrgrn.
1013 4647 1128 4714 Severi
1152 4649 1268 4714 Curet.
1295 4671 1332 4734 ps
1349 4649 1423 4712 214
