3500 5525
890 564 937 631 76

327 807 556 896 interrogetur
583 811 653 881 πῶς
677 803 780 871 πάλιν
803 801 860 871 οὐκ
886 805 933 871 ἔτι
958 826 1012 885 σοι
1037 801 1165 872 dorreti
1190 804 1333 891 Χριστὸς
1355 806 1441 873 εἶναι
1465 806 1499 873 ἐκ

326 916 382 998 τῆς
399 916 582 996 παρθένου.
627 907 680 975 Cf.
700 932 754 997 ep.
773 907 864 999 lgnt.
881 908 923 974 ad
942 908 1165 997 Philippensis
1183 932 1256 995 cap.
1279 909 1378 975 3-4
1390 904 1431 999 ¹).

406 1014 463 1079 Sic
480 1014 585 1102 igitur
603 1012 803 1079 recensionis
820 1035 967 1101 graecae
986 1035 1090 1079 nexus
1108 1035 1173 1077 non
1192 1011 1299 1077 solum
1318 1022 1369 1079 est
1386 1034 1496 1097 sanus,

328 1139 443 1183 verum
461 1118 562 1183 etiam
586 1116 666 1181 nihil
690 1117 838 1181 continet
862 1115 952 1204 quod
976 1139 1042 1181 non
1067 1115 1154 1181 illius
1186 1116 1259 1181 aevi
1291 1116 1498 1205 opinionibus

327 1221 413 1286 bene
437 1221 622 1287 conveniat.
668 1220 733 1285 His
759 1221 910 1285 omnibus
935 1219 1079 1307 denique
1106 1218 1246 1301 accedit,
1275 1217 1365 1306 quod
1391 1230 1497 1285 totum

326 1322 397 1389 fere
415 1323 525 1391 locum
544 1323 633 1413 apud
651 1324 761 1391 varios
778 1323 957 1412 scriptores
975 1345 1099 1412 graece
1117 1332 1151 1389 et
1175 1323 1209 1387 in
1226 1324 1378 1389 versione
1396 1324 1498 1389 Seve-

327 1428 421 1493 riana
451 1428 580 1515 syriace
611 1426 781 1495 habemns.
836 1429 970 1493 Graeca
1000 1426 1188 1515 fragmenta
1219 1426 1377 1515 leguntur
1409 1425 1497 1515 apud

328 1529 581 1598 Theodoretum
599 1530 716 1595 Curet.
729 1532 814 1613 171,
834 1529 923 1618 apud
941 1531 1124 1596 Eusebium
1142 1554 1176 1619 p.
1189 1532 1259 1595 164
1281 1540 1316 1597 et
1330 1529 1497 1599 Andream

328 1634 535 1714 Cretensem,
562 1633 705 1721 denique
729 1634 847 1699 Jobius
870 1633 1052 1699 Monachus
1078 1656 1210 1699 sensum
1234 1633 1299 1700 loci
1325 1634 1424 1699 affert
1449 1634 1497 1699 ita

329 1738 445 1804 Curet.
465 1762 499 1827 p.
523 1740 615 1803 174:
642 1745 724 1823 φησὶ
743 1739 809 1821 lya.
827 1744 902 1822 τρία
916 1740 1035 1804 λαθεῖν
1052 1765 1081 1803 τ.
1101 1734 1175 1825 ἆρχ.
1194 1740 1262 1805 τσῦ.
1282 1739 1376 1803 αίιιιν.
1395 1735 1497 1817 roais„

327 1842 387 1927 τὴν
403 1846 594 1928 παρθενίαν
604 1842 748 1928 Μαρίας,
756 1841 815 1926 τὴν
828 1839 993 1932 σύλληψιν
1006 1843 1064 1907 τοῦ
1076 1866 1144 1928 κνρ.
1161 1849 1215 1906 καῖ
1229 1842 1287 1927 τὴν
1300 1838 1497 1927 σταῦριιισιν.

325 1944 476 2011 Andreas
491 1945 584 2009 Cret.
603 1966 664 2031 pro
681 1943 843 2030 μυστήρια
860 1950 996 2030 κραυγῆς
1013 1943 1173 2009 insulsum
1196 1941 1358 2031 μυστήρια
1378 1941 1497 2029 φρικταί

327 2046 446 2130 habet,
470 2070 537 2136 qua
562 2048 595 2113 in
620 2070 658 2113 re
684 2056 764 2136 puto
793 2049 907 2113 opit<
911 2048 969 2113 TA
993 2058 1103 2113 ortum
1129 2071 1201 2113 esse
1227 2070 1267 2113 ex
1296 2048 1497 2129 ΚΡΥΠΤΑ,

327 2151 456 2238 quode
477 2154 568 2217 ΚΡΑ
575 2152 701 2217 ΥΙἮΣ
715 2160 909 2239 corruptum
928 2161 990 2221 est.
1018 2151 1088 2217 Pro
1106 2150 1249 2217 lectione
1267 2160 1402 2239 recepta
1421 2174 1494 2239 cap.

326 2253 455 2335 XVIII,
471 2257 529 2319 ἵνα
547 2260 594 2341 τῷ
611 2252 717 2321 πάθει
735 2255 772 2320 τὸ
790 2254 877 2339 ὕδωρ
895 2260 1081 2344 καθαρίσῃ,
1107 2254 1313 2321 Theodoret.
1333 2254 1417 2343 legit
1439 2257 1497 2323 ‘ivo

327 2359 364 2425 τὸ
382 2359 509 2444 θνητὸν
525 2352 615 2443 ημῶν
632 2363 811 2448 καθαρίση,
830 2358 920 2444 quod
934 2358 1076 2447 intelligi
1094 2359 1146 2423 viv
1161 2368 1282 2446 potest.
1311 2359 1398 2445 Apte
1416 2380 1495 2423 vero

327 2460 361 2527 in
378 2470 474 2527 textu
491 2469 627 2549 recepto
647 2459 771 2526 Christi
790 2462 972 2547 baptismus
991 2460 1206 2551 conjungitur
1225 2485 1300 2527 cum
1314 2462 1423 2527 verbis
1439 2464 1497 2527 ίνα

326 2566 366 2631 τὸ
382 2564 470 2652 ῧιῖιιρ
487 2568 554 2631 κτλ.
601 2562 754 2629 Christus
778 2564 865 2629 enim
889 2564 960 2652 ipse
980 2566 1168 2654 baptizatus
1187 2576 1257 2647 est,
1283 2575 1322 2631 ut
1339 2562 1496 2655 (postea)

326 2668 480 2756 passione
498 2690 617 2754 aquam
636 2664 700 2756 (ad
717 2666 935 2754 baptizandos
955 2666 1181 2758 Christianos)
1200 2669 1364 2757 purificet.
1400 2668 1496 2735 Simi-

327 2771 403 2838 liter
421 2770 503 2838 dicit
517 2770 744 2838 Tertullianus
763 2770 806 2838 de
819 2771 920 2860 Bapt.
937 2773 978 2838 9:
1005 2774 1102 2860 Aqua
1118 2772 1160 2840 de
1175 2772 1401 2840 amaritudinis
1416 2773 1496 2840 vitio

327 2875 361 2942 iu
378 2897 475 2942 usum
492 2874 556 2956 (al.
575 2876 691 2964 suum)
710 2875 919 2942 commodum
946 2877 1118 2943 suavitatis
1142 2877 1248 2944 Mosei
1273 2877 1365 2968 ligno
1389 2901 1497 2944 reme-

327 2978 449 3046 diatur.
493 2979 640 3069 Lignum
659 2978 741 3046 illud
759 2990 833 3046 erat
851 2980 1018 3066 Christus,
1038 2992 1221 3048 venenatae
1240 2992 1274 3048 et
1292 3005 1425 3048 amarae
1443 3003 1495 3046 re·

326 3093 379 3149 tro
397 3092 538 3150 naturae
555 3106 656 3149 venas
680 3083 714 3148 in
731 3083 966 3151 saluberrimas
993 3109 1095 3172 aquas
1123 3085 1277 3175 baptismi
1301 3085 1429 3150 scilicet
1454 3107 1494 3150 ex

326 3210 400 3252 sese
417 3186 615 3254 remedians.

405 3290 612 3380 Fragmenta
629 3291 759 3379 syriaca
779 3301 910 3356 exstant
929 3292 1045 3358 Curet.
1066 3316 1098 3379 p.
1121 3293 1207 3374 119,
1227 3291 1250 3356 l.
1273 3292 1333 3372 10,
1353 3314 1385 3378 p.
1408 3292 1494 3370 111,

327 3393 350 3458 l.
374 3395 419 3460 18
439 3405 523 3482 etp.
545 3396 631 3476 118,
651 3392 672 3457 l.
695 3394 728 3458 3.
776 3393 986 3458 Conveniunt
1010 3395 1128 3459 ambae
1149 3393 1316 3456 versiones
1334 3392 1367 3455 in
1386 3390 1494 3455 verbis

326 3503 500 3586 περίψημα
519 3497 556 3562 τὸ
573 3497 654 3580 ἐμὸν
679 3500 809 3580 πνεῦμα
832 3503 890 3561 τοῦ
917 3502 1078 3584 σταυροῦ,
1107 3518 1193 3583 quae
1223 3491 1369 3560 reddunt
1391 3493 1494 3558 libere

324 3592 443 3721 m}
459 3599 551 3668 ..noi
567 3591 673 3716 λῳ
703 3597 746 3664 cl.
773 3624 805 3688 p.
833 3602 900 3680 41;
934 3622 1049 3666 vocem
1076 3596 1275 3665 ἇπιστσῦσιν
1299 3620 1378 3662 vero
1402 3597 1494 3662 vario

326 3720 426 3788 modo
444 3719 600 3804 reddunt,
625 3721 701 3808 Syr.
727 3721 843 3786 Curet.
863 3722 1061 3818 (σπείρω
1079 3742 1164 3786 vers.
1185 3720 1261 3786 Sev.
1281 3735 1438 3816 <mono
1456 3715 1493 3803 ll)

326 3825 413 3890 sicut
429 3824 462 3888 in
479 3823 600 3890 Pesch.
621 3823 707 3889 solet
724 3824 820 3889 verti.
848 3823 888 3888 In
907 3821 1027 3912 fragm.
1047 3847 1079 3911 p.
1102 3825 1172 3888 111
1195 3845 1256 3911 pro
1279 3825 1336 3887 ‘lvo
1362 3829 1407 3909 τῷ
1431 3822 1494 3888 πά-

324 3967 381 4028 θει
399 3961 436 4025 τὸ
454 3959 539 4044 ὕδωρ
557 3966 725 4051 καθαρίσῃ
743 3960 868 4048 legitur
890 3952 957 4038 ΙΝ
974 3949 1088 4039 luds..
1104 3951 1219 4046 lamb),
1238 3959 1272 4024 id
1291 3959 1380 4046 quod
1400 3981 1495 4047 aper-

326 4073 396 4130 tum
415 4071 466 4127 est
484 4062 610 4143 vitium,
629 4086 690 4151 pro
708 4056 822 4142 Ιιαι..
839 4063 1049 4128 scribendum
1068 4075 1119 4129 est
1136 4055 1248 4147 lm,
1268 4063 1301 4127 in
1319 4060 1439 4150 fragm.
1460 4085 1492 4149 p.

327 4169 402 4233 119
421 4165 538 4233 eodem
557 4165 656 4231 modo
675 4188 736 4254 pro
761 4158 823 4245 lb.
847 4189 888 4232 ex
913 4165 1012 4256 frgm.
1032 4191 1065 4258 p.
1087 4169 1156 4232 111
1185 4164 1425 4232 restituendum
1444 4173 1495 4230 est

323 4264 448 4368 Ιηῖσιη
474 4269 559 4336 infra
576 4293 656 4335 vero
673 4270 730 4334 ubi
748 4291 871 4359 graece
889 4270 1015 4360 legitur
1040 4274 1084 4346 εἰς
1100 4269 1275 4357 καινότητα
1294 4267 1399 4336 ἆίδίοα
1420 4273 1496 4353 ζωιῖς

401 4486 424 4551 ¹)
442 4478 459 4537 ὃ
477 4477 567 4552 ἅρχων
583 4485 633 4538 τοῦ
651 4478 755 4553 κόσμου
771 4479 930 4540 τούτου...
948 4483 977 4539 ἔν
993 4501 1062 4539 τισιν
1078 4482 1179 4554 ἐνεργεῖ
1191 4479 1335 4552 ἀρνεῖσθαι
1351 4477 1400 4536 τὸν
1418 4497 1494 4536 στασ-

323 4566 381 4640 pris.
398 4565 431 4624 τὸ
449 4565 544 4633 πάθας
559 4565 776 4640 ἐπαισχύνεσθαι,
793 4567 842 4626 τὸν
858 4567 983 4627 θάνατον
1001 4567 1112 4642 δόκησιν
1129 4575 1224 4639 καλεῖν,
1241 4565 1290 4638 τὴν
1308 4565 1337 4623 ἐκ
1353 4566 1494 4639 παρθένου

321 4655 442 4728 γέννησιν
457 4651 644 4728 περικόπτειν.
659 4698 664 4711 .
679 4699 684 4710 .
