3500 5525
824 577 871 641 27

748 682 950 695 ——n—

266 814 326 882 sed
343 838 473 882 sensum
495 816 655 883 enuntiati
679 815 780 905 plane
802 817 1003 905 corrumpit,
1030 817 1139 883 locum
1167 838 1373 883 communem
1396 816 1431 883 id

264 941 389 1007 ponens
407 919 497 1009 quod
514 920 666 1009 Ignatius
684 919 727 986 ad
745 943 781 985 se
800 943 962 1010 suumque
980 921 1175 1009 martyrium
1192 920 1313 1001 relert3
1331 920 1432 987 habet

264 1024 351 1089 enim
376 1021 394 1090 ὃ
418 1024 508 1107 syrie
524 1029 688 1111 μαχαίρας
704 1024 794 1107 tyris
810 1030 904 1093 θεοῦ.
957 1024 1092 1113 Lipsius
1111 1048 1151 1090 ea
1170 1048 1256 1112 quae
1278 1029 1305 1091 A
1323 1024 1429 1091 solum

263 1125 365 1192 habet
381 1127 500 1210 μεταξῦ
517 1132 645 1213 θηρίων
660 1128 781 1210 μεταξὺ
799 1130 882 1195 θεοῦ
900 1128 1161 1195 additamentum
1180 1127 1291 1195 habet.
1337 1129 1430 1195 Cur?

264 1230 378 1295 Locus
396 1238 448 1295 est
465 1228 731 1319 elegantissimus
753 1229 842 1297 redit
864 1232 951 1297 enim
976 1231 1097 1321 duplex
1129 1234 1312 1297 membrum
1342 1232 1431 1315 ἑγγῦς

261 1359 340 1419 μαχ.
359 1343 395 1399 et
410 1334 530 1417 μεταξτ)
542 1340 620 1420 θηρ.
639 1332 683 1399 ad
699 1333 935 1422 praecedentia
958 1336 1040 1422 πρὸς
1062 1340 1240 1421 μαχαίραν,
1264 1335 1347 1424 πρὸς
1369 1342 1429 1422 θρ-

263 1442 331 1521 pto,
358 1459 499 1524 quorum
515 1447 670 1503 neutrum
687 1436 839 1504 additum
858 1437 1005 1524 ridetur,
1032 1461 1133 1527 quum
1151 1448 1185 1505 et
1203 1438 1293 1527 apud
1316 1440 1348 1504 B
1372 1462 1428 1505 ex-

262 1548 362 1606 stent.
389 1541 500 1607 Verba
518 1539 661 1628 denique
679 1562 765 1629 quae
783 1540 932 1609 habetB
956 1541 1144 1628 ἐνσώματι
1169 1546 1300 1625 γέγονεν
1324 1551 1359 1607 ct
1383 1548 1430 1630 τῷ

261 1642 588 1730 contumeliosam
612 1644 735 1709 inserta
753 1656 830 1711 sunt
847 1667 908 1733 pro
933 1650 1037 1713 ταῦτα
1056 1649 1098 1725 A,
1125 1644 1215 1733 quod
1240 1668 1305 1711 non
1328 1643 1430 1713 habet

262 1770 329 1834 quo
346 1745 522 1813 referatur.
557 1746 687 1813 Locum
707 1747 901 1836 impeditum
919 1748 1139 1837 interpolator
1157 1751 1241 1814 bene
1259 1748 1426 1837 explicuit.

263 1850 333 1915 Sub
350 1850 450 1915 finem
467 1872 528 1940 pro
546 1850 694 1940 simplice
708 1851 841 1917 Theod.
856 1850 1039 1939 ἀνθρώπου
1056 1857 1084 1917 Α
1102 1852 1204 1917 habet
1220 1848 1320 1938 άνθρ.
1340 1876 1429 1935 γενο-

261 1958 376 2037 μένου,
393 1956 426 2019 Β
444 1952 553 2019 omnia
571 1955 692 2038 omisit,
716 1954 850 2043 Lipsius
868 1976 948 2019 vero
967 1952 1081 2019 hocin
1099 1952 1170 2043 ejus
1189 1962 1283 2019 textu
1300 1964 1429 2021 rectum

263 2055 366 2123 habet
382 2081 415 2145 p.
437 2058 504 2137 593
533 2058 625 2124 Cur?
660 2059 744 2145 Gap.
765 2060 787 2123 5
808 2056 940 2123 Theod.
961 2066 995 2123 et
1013 2058 1044 2123 B
1061 2063 1095 2123 τί
1110 2059 1169 2145 γάρ
1188 2054 1311 2144 ὠφελεῖ
1325 2058 1428 2142 εἰ-ἒμὲ

262 2158 415 2250 (Theod.
436 2163 528 2247 εἴπερ
539 2158 619 2257 με),
639 2164 668 2225 A
687 2170 797 2225 autem
823 2162 933 2247 τῑγὰρ
951 2185 992 2244 με
1010 2156 1212 2246 cicatricosa
1240 2159 1329 2249 quod
1348 2184 1427 2227 vero

262 2263 356 2351 Lips.
377 2262 457 2329 dicit
475 2287 548 2351 cap.
570 2265 592 2328 6
613 2262 865 2329 rl'heodoretum
884 2286 958 2329 cum
977 2267 1007 2329 A
1025 2273 1142 2329 contra
1154 2265 1185 2329 B
1201 2286 1272 2330 rem
1291 2264 1426 2351 habere,

262 2368 357 2432 nobis
375 2367 471 2431 nimis
490 2365 620 2431 videtur
639 2365 760 2450 audax,
775 2366 993 2456 interpolator
1007 2368 1093 2431 enim
1107 2376 1235 2433 textum
1249 2367 1334 2433 adeo
1353 2391 1426 2435 cor-

261 2470 351 2558 rupit
368 2493 441 2558 cap.
464 2471 576 2553 5-6,
594 2479 633 2535 ut
651 2470 757 2557 qualis
775 2468 876 2536 luerit
893 2469 958 2535 dici
976 2481 1130 2557 nequeat.
1163 2470 1251 2559 Eph.
1274 2474 1293 2535 7
1315 2470 1359 2547 εἷς
1376 2473 1426 2538 ἰα-

259 2572 335 2661 τράς
358 2573 450 2639 ἐστιν
476 2571 607 2638 Theod.
634 2596 696 2662 pro
719 2574 870 2660 γεννητὸς
901 2582 954 2639 καὶ
979 2570 1150 2661 άγέννητος
1174 2573 1274 2640 habet
1299 2599 1364 2657 rer.
1393 2576 1427 2656 ἐξ

259 2673 449 2764 άγεννῆτου,
473 2677 591 2765 quibus
614 2676 723 2742 verbis
741 2676 944 2743 haereticam
963 2675 1147 2743 doctrinam
1174 2677 1342 2744 Christum
1360 2702 1426 2744 non

260 2782 410 2870 genitum
424 2804 496 2846 esse
511 2781 624 2864 evitat,
640 2781 697 2846 alii
711 2804 786 2846 cum
800 2786 830 2846 A
843 2781 967 2847 habent
984 2807 1107 2869 γεννητ.
1126 2791 1179 2848 καὶ
1198 2779 1304 2862 άγενν.
1324 2781 1423 2874 lrgm.

260 2908 326 2973 syr.
346 2909 379 2972 p.
401 2886 475 2951 218
495 2881 646 2973 (anglice
666 2883 760 2974 248)
778 2875 876 2982 1522&
894 2882 939 2960 llo
957 2875 1072 2982 lm,
1092 2885 1246 2951 Gelasius
1265 2884 1372 2952 lactus
1391 2897 1426 2952 et

260 3010 325 3052 non
342 2987 461 3052 factus.
508 2987 594 3052 Cod.
613 2987 733 3055 Medic.
760 2999 831 3053 tum
855 2986 957 3054 habet
988 2989 1025 3055 ἒν
1055 2985 1224 3076 άνθράπῳ
1255 2987 1426 3072 γενόμενος

259 3091 351 3168 θεὸς,
375 3087 507 3154 Theod.
527 3113 607 3155 vero
625 3092 661 3156 ἐν
679 3087 848 3179 άνθράπῳ
866 3093 945 3166 θεὸς
962 3101 1000 3156 ut
1018 3091 1093 3181 Syr.
1113 3116 1146 3180 p.
1168 3093 1241 3158 218
1264 3083 1328 3172 lul
1354 3094 1424 3161 bo

258 3183 341 3271 lob&
358 3201 442 3280 etp.
464 3194 538 3258 219
569 3185 651 3271 lo&
667 3184 775 3279 inb,
800 3204 948 3260 ceterum
965 3193 1085 3261 Medic.
1106 3195 1190 3284 legit
1211 3196 1248 3262 dv
1264 3193 1425 3285 άθανάτῳ

259 3295 322 3381 ζωὴ
351 3292 509 3381 άληθινῆ,
541 3295 681 3362 Latinus
713 3299 746 3363 in
777 3298 954 3364 immortali
979 3301 1168 3384 aaronita,
1196 3298 1252 3365 alii
1277 3323 1356 3366 vero
1387 3310 1425 3366 ut

259 3398 391 3465 'l'lreod
410 3399 448 3465 ἐν
464 3398 616 3488 θανάτῳ,
636 3401 711 3489 Syr.
730 3392 818 3480 lpas.
834 3394 886 3482 la..
903 3394 1031 3485 lium,
1050 3403 1140 3490 quod
1158 3412 1317 3491 praestat.
1355 3404 1425 3470 De·

258 3503 358 3590 nique
377 3501 509 3568 Theod.
530 3526 605 3568 cum
624 3504 759 3570 Gelasio
778 3506 811 3571 in
835 3507 901 3571 fine
920 3508 1056 3594 apponit
1086 3510 1131 3593 Ιη.
1155 3531 1205 3593 χρ.
1232 3503 1249 3572 ὃ
1276 3531 1344 3594 κυρ.
1370 3504 1423 3594 ip.

257 3606 349 3694 quod
366 3610 397 3671 A
414 3605 609 3674 nonhabet.
657 3609 741 3696 Gap.
766 3611 811 3675 18
831 3613 861 3674 A
887 3609 988 3675 habet
1010 3613 1067 3676 ἵνα
1091 3615 1138 3697 τῷ
1160 3607 1266 3676 πάθει
1284 3610 1320 3676 τὸ
1338 3609 1425 3698 ὕδωρ

255 3715 424 3802 καθαρίσῃ
441 3708 541 3798 frgm.
560 3734 627 3799 syr.
647 3735 681 3799 p.
702 3713 773 3776 211
800 3703 867 3809 123³
885 3705 998 3792 leun..
1015 3704 1111 3798 imis
1130 3703 1218 3808 §.ily
1237 3731 1312 3794 eos,
1332 3714 1422 3778 Arm.

256 3822 296 3878 ut
312 3824 474 3902 purgaret
492 3836 600 3902 aquae
617 3814 875 3902 corruptionem,
902 3814 1034 3882 Theod.
1054 3836 1134 3881 vero
1156 3817 1214 3880 ‘lvo
1238 3816 1275 3882 τά
1288 3871 1289 3876 ,
1300 3817 1425 3900 θνητὸν

253 3913 346 4004 ἡμῶν
362 3923 541 4010 καθαρίσῃ.
593 3919 625 3982 Β
650 3919 781 4007 penitus
806 3929 999 4007 corruptum
1031 3929 1093 4001 est,
1126 3917 1288 3984 nescimus
1320 3919 1425 4008 igitur

255 4043 332 4086 num
352 4022 393 4086 ab
414 4025 444 4086 A
460 4019 561 4086 fuerit
578 4020 755 4088 diversum.
801 4022 902 4098 Quod
920 4022 1052 4090 Theod.
1071 4021 1159 4110 Eph.
1182 4024 1228 4087 20
1252 4022 1354 4090 habet
1371 4031 1425 4089 καὶ

253 4123 303 4190 ivl
323 4127 367 4210 lq.
386 4149 436 4211 χρ.
456 4147 517 4211 pro
538 4128 567 4188 A
584 4125 621 4190 ἐν
638 4128 684 4210 1η.
703 4152 752 4211 χρ.
773 4136 808 4192 et
825 4130 902 4193 εἴτι
921 4150 982 4216 pro
1002 4127 1052 4195 ὅτι
1070 4126 1174 4191 levius
1195 4136 1245 4191 est
1264 4149 1362 4215 quam
1381 4126 1424 4192 de

254 4250 321 4315 quo
340 4249 492 4316 agamus,
512 4227 560 4291 sic
578 4235 613 4290 et
626 4227 686 4293 Tr.
704 4230 726 4293 9
741 4230 898 4294 omissum
916 4229 1045 4317 άληθῶς
1059 4240 1135 4319 post
1149 4231 1250 4296 verba
1267 4231 1323 4297 ἐπὶ
1340 4233 1424 4297 Πον-

253 4337 326 4397 τίου
345 4333 420 4396 ssat.
439 4351 505 4394 non
524 4351 689 4395 curamus.
718 4331 848 4396 rl'amcn
862 4333 926 4398 hoc
938 4344 1015 4419 stat,
1031 4357 1096 4399 non
1110 4333 1196 4399 levia
1210 4334 1296 4399 inter
1310 4333 1424 4400 'Pheo-

255 4431 462 4500 doretum'et
479 4433 705 4499 recensionem
729 4435 889 4500 minorem
915 4459 987 4502 esse
1006 4436 1204 4522 discrimina,
1230 4460 1338 4526 neque
1357 4437 1423 4503 dici

253 4557 363 4621 posse,
383 4560 460 4602 eum
476 4537 563 4603 hanc
579 4559 647 4604 rec.
662 4561 737 4604 esse
759 4548 920 4622 secutum,
937 4563 1037 4628 quum
1056 4541 1161 4607 altera
1178 4542 1328 4608 recensio
1346 4563 1423 4630 pro-

254 4646 329 4725 pter
347 4639 619 4728 interpolationes
637 4643 829 4732 saepissime
857 4642 1000 4710 conferri
1022 4654 1175 4733 nequeat.
1221 4643 1314 4712 Idem
1333 4644 1424 4713 cadit
