3500 5525
823 534 873 599 39

747 639 951 649 -ι--ι--ι--ν

266 776 377 859 vertit,
402 797 478 841 cnm
495 773 560 841 hoc
576 770 677 863 irgm.
703 773 768 839 e'rit
790 771 1023 856 conferendus,
1051 794 1192 861 quocum
1216 772 1244 837 si
1268 770 1432 853 convenit,

267 902 332 945 non
350 878 428 945 lieet
445 877 599 944 dubitare
617 877 695 964 quin
713 878 800 965 Syro
819 877 936 942 Curet.
957 875 1001 941 sit
1019 874 1286 941 adtribuendum.
1331 875 1378 939 Et
1397 896 1433 939 re

264 1005 345 1047 vera
363 984 405 1047 ab
424 1004 465 1047 eo
484 1004 550 1047 non
568 979 696 1046 recedit
712 979 774 1045 nisi
792 981 892 1045 rebus
910 979 1063 1063 minimis,
1089 1002 1156 1065 quo
1174 978 1315 1062 accedit,
1342 974 1433 1065 quod

266 1095 301 1150 et
324 1085 357 1149 in
383 1084 522 1173 singulis
553 1084 662 1148 verbis
693 1082 833 1148 eandem
863 1080 1014 1149 vertendi
1045 1082 1207 1149 rationem
1239 1080 1432 1166 invenimus,

265 1210 364 1273 quam
382 1188 416 1252 in
434 1189 519 1275 Syro
544 1187 661 1252 Curet.
688 1184 975 1273 deprehendimus.
1030 1188 1157 1273 Πρέπει
1182 1186 1267 1251 enim
1292 1185 1434 1250 vertitur

263 1281 304 1369 ll.
333 1300 372 1356 ut
394 1290 471 1355 Pol.
497 1291 533 1371 6,
563 1294 838 1377 decapenlo'wre
867 1280 960 1367 lobi]
985 1279 1044 1372 lb,
1081 1288 1279 1374 συμβούλιον
1302 1284 1434 1370 ἀγαγεῖν

264 1404 377 1505 Μ
394 1404 480 1506 Μ
496 1414 568 1492 ...la
586 1444 661 1491 m
679 1424 721 1491 ci.
738 1449 771 1514 p.
788 1426 849 1492 35.
879 1426 965 1491 Cum
984 1426 1059 1515 Syr.
1080 1434 1114 1491 et
1132 1426 1223 1491 Arm.
1243 1422 1338 1490 addit
1355 1446 1433 1489 con-

265 1564 404 1630 siliarios
421 1555 508 1644 lnbm
524 1551 614 1629 vl:
637 1560 705 1630 Ὃν
718 1560 890 1651 ἀγαπητὸν
906 1565 982 1631 λίαν
996 1563 1084 1645 ἔχετε
1099 1562 1173 1651 Syr.
1189 1580 1296 1629 :mu
1309 1579 1431 1677 Ἕω)

263 1665 352 1757 χοαὶ
377 1666 466 1732 unde
484 1668 575 1731 Arm.
602 1666 757 1754 repetivit
781 1666 965 1733 versionem
991 1689 1085 1732 suam
1112 1665 1250 1752 (plurali
1269 1664 1355 1730 male
1373 1687 1432 1752 po-

265 1768 348 1859 sito)
367 1770 424 1856 qui
442 1768 539 1833 valde
557 1768 670 1833 dilecti
688 1770 781 1834 vobis
795 1779 882 1835 sunt.
910 1768 1035 1844 ’Άοκνας
1053 1769 1085 1832 in
1099 1768 1195 1833 NJP.
1216 1790 1281 1832 non
1300 1769 1432 1832 obvium

265 1871 417 1937 redditur
440 1863 569 1951 liubin
589 1868 626 1958 ΙΙ)
653 1870 746 1960 cujus
764 1872 838 1937 loco
857 1872 948 1937 Arm.
969 1870 1025 1957 qui
1043 1871 1144 1935 vertit
1161 1871 1284 1935 virtute
1302 1867 1432 1958 praedi-

264 1986 317 2041 tos
335 1974 458 2064 legisse
478 1973 625 2041 ridetur:
668 1967 810 2054 lloibm
833 1972 958 2065 ,ροὺψ
1010 1973 1081 2038 Pro
1104 1995 1230 2062 graeco
1252 1972 1434 2057 θεόόαρμας

262 2081 439 2146 καλεῖσθαι
453 2079 529 2166 Syr.
544 2077 645 2143 babet
661 2077 794 2165 legatus
813 2076 866 2141 dei
886 2099 958 2142 esse
973 2086 1007 2141 et
1020 2075 1181 2141 nominari
1198 2067 1319 2154 imbro
1333 2066 1430 2161 loom

264 2174 359 2267 lobby
376 2172 502 2292 Q),
533 2203 677 2267 quocum
702 2181 794 2245 Arm.
831 2180 939 2245 versio
970 2179 1042 2245 lieri
1067 2200 1300 2268 praecursores
1325 2180 1432 2267 magis

264 2285 417 2350 convenit
434 2306 534 2370 quarn
552 2304 627 2348 cum
644 2306 780 2371 gracco.
813 2284 887 2350 Vox
905 2274 987 2362 loon
1005 2280 1146 2349 fortasse
1162 2280 1276 2371 glossa
1295 2292 1357 2348 est.
1393 2282 1432 2347 ln

264 2410 357 2474 seqq.
378 2387 469 2453 Arm.
489 2386 599 2452 omisit
623 2388 725 2451 rerba
748 2388 925 2482 „9an
949 2422 1001 2435 -·-
1027 2376 1099 2469 bot,
1132 2386 1251 2472 quibus
1282 2386 1432 2471 quaein

265 2500 359 2556 textu
375 2512 502 2579 graeco
515 2489 675 2577 impedita
689 2488 843 2557 videntur
857 2491 995 2576 (τοῦτον
1007 2496 1206 2568 καταξιῶσαι
1222 2489 1343 2553 omisso
1356 2487 1430 2577 καὶ)

264 2602 449 2659 vertuntur.
492 2594 578 2659 Cum
596 2594 682 2681 Syro
701 2592 821 2659 deinde
838 2590 1001 2680 pluralem
1019 2592 1120 2658 habet
1143 2610 1289 2683 xrs-2212
1314 2614 1429 2681 graec.

261 2700 319 2764 ἵνα
337 2695 479 2791 δοξάσῃ,
502 2696 589 2762 sicut
606 2705 641 2763 et
658 2718 758 2785 supra
776 2695 938 2785 pluralem
957 2718 1087 2785 semper
1110 2695 1222 2784 posuit
1248 2697 1338 2762 Arm.
1360 2752 1362 2759 .
1391 2695 1430 2759 In

264 2796 406 2888 seqq&
422 2801 496 2865 voci
513 2791 678 2896 lupam
695 2800 812 2865 melius
830 2800 976 2884 additur,
996 2799 1086 2887 quod
1101 2799 1200 2888 lrgm.
1216 2800 1336 2883 omisit,
1356 2841 1434 2912 Q

265 2930 376 2985 autem
398 2920 432 2983 in
457 2918 576 3007 fragm.
602 2923 747 3008 positum
771 2921 805 2986 in
835 2929 930 2985 textu
949 2919 1025 3007 Syri
1056 2921 1173 2984 Curet.
1206 2919 1321 2984 debuit
1352 2919 1431 2985 elidi

265 3019 355 3108 quod
373 3044 438 3085 non
457 3021 558 3086 habet
582 3045 648 3108 quo
666 3022 841 3089 referatur.
887 3023 956 3088 Sub
983 3022 1081 3087 linem
1099 3025 1190 3088 Arm.
1211 3023 1286 3110 Syr.
1307 3023 1429 3086 Graec.

265 3125 352 3188 inter
369 3145 406 3188 se
423 3125 608 3205 conveniat,
634 3124 676 3190 de
694 3125 865 3207 σχολάζειν
893 3124 935 3191 cl.
962 3149 995 3214 p.
1017 3127 1078 3194 31.
1132 3125 1226 3191 Sicut
1244 3127 1334 3190 Arm.
1354 3124 1431 3190 lmic

265 3225 453 3315 fragmento
471 3225 669 3293 simillimum
683 3228 837 3297 habuisse
851 3229 952 3295 debet
966 3238 1105 3314 textum,
1125 3230 1172 3294 sic
1186 3239 1220 3294 et
1234 3227 1345 3316 quoad
1358 3229 1430 3293 fieri

264 3338 386 3419 potest,
404 3329 554 3396 videmus
572 3330 712 3399 eandem
730 3333 889 3400 versionis
910 3333 1053 3398 indolem
1075 3331 1281 3420 eandemque
1299 3332 1431 3421 singula

263 3435 366 3499 verba
384 3433 562 3502 adhibendi
584 3436 758 3521 rationem,
791 3460 890 3525 quam
921 3437 953 3502 in
978 3438 1064 3526 Syro
1091 3438 1206 3502 Curet.
1235 3436 1428 3504 invenimus.

263 3537 341 3602 Non
365 3536 469 3625 igitur
495 3538 529 3603 in
553 3539 748 3606 temeritatis
771 3541 986 3628 opprobrium
1011 3541 1181 3606 incurrere
1204 3548 1370 3626 putamus,
1402 3540 1430 3606 si

263 3639 328 3704 hoc
345 3638 505 3728 frgmtum
523 3641 631 3706 eidem
649 3643 761 3708 manui
778 3643 964 3723 tribuimus,
983 3644 1037 3708 cui
1055 3641 1246 3727 etreliqua,
1266 3664 1351 3727 quae
1370 3640 1430 3706 hu-

265 3763 390 3828 cusque
407 3744 631 3828 tractavimus,
658 3745 833 3812 debentur.
888 3746 966 3809 Hoc
985 3767 1025 3809 eo
1051 3744 1157 3832 magis
1182 3745 1429 3830 comprobatur,

263 3868 366 3932 quum
384 3857 503 3932 quarto
523 3844 711 3936 fragmento
730 3849 828 3914 aliam
847 3848 1031 3912 versionem
1048 3847 1240 3929 habeamus,
1267 3845 1360 3936 cujus
1380 3847 1433 3926 in-v

263 3947 356 4013 doles
376 3959 527 4045 anostra
553 3963 604 4017 est
630 3950 771 4019 diversa.
826 3951 973 4018 Exhibet
997 3951 1083 4016 enim
1108 3949 1217 4017 locum
1242 3950 1284 4014 ad
1310 3948 1385 4016 Pol.
1408 3951 1428 4016 3

263 4075 362 4138 quem
379 4054 508 4140 syriace
525 4053 695 4140 habemus,
724 4057 840 4122 Curet.
861 4079 894 4144 p.
917 4055 1003 4144 213,
1024 4077 1126 4142 aquo
1145 4078 1210 4119 non
1229 4054 1335 4118 minus
1354 4063 1429 4120 octo

262 4154 344 4220 lo'cis
362 4155 502 4238 recedit,
526 4157 613 4222 inter
640 4182 722 4246 quos
746 4168 931 4224 memoratu
957 4157 1184 4248 dignissimum
1204 4155 1345 4240 videtur,
1372 4155 1430 4222 ad-

260 4255 387 4346 jectiva
405 4257 553 4323 verbalia
571 4255 799 4351 dpqldrpqroc‘,
817 4259 934 4346 ὁρατὸς
951 4263 1024 4329 rell.
1040 4285 1106 4327 non
1124 4259 1305 4350 participiis
1323 4259 1429 4346 reddi,

263 4392 323 4458 sed
340 4392 455 4460 formis
473 4395 507 4460 in
524 4386 563 4474 b..
580 4418 611 4460 e.
630 4419 666 4486 g.
688 4388 836 4477 lum,
860 4390 1020 4510 ΝΜ
1045 4400 1114 4466 sive
1131 4397 1238 4464 forma
1263 4369 1368 4493 bigni
1393 4408 1432 4464 ut

263 4487 394 4581 lenm,
427 4521 514 4585 quae
546 4500 652 4566 versio
687 4501 873 4567 accuratior
898 4511 950 4566 est
979 4503 1143 4569 habenda.
1196 4501 1351 4589 Denique
1368 4501 1432 4570 hoc

264 4595 384 4686 fragm.
404 4623 470 4666 nou
487 4625 623 4691 prorsus
640 4625 717 4670 cum
734 4606 825 4671 Arm.
851 4605 1017 4689 convenit,
1040 4607 1096 4693 qui
1121 4617 1249 4673 textum
1267 4605 1343 4694 Syri
1362 4607 1431 4670 Cu-
