3500 5525
880 558 928 625 68

324 800 508 890 Sophocles
526 798 608 865 dicit
629 798 767 865 Electra
792 822 839 865 vs.
860 799 930 865 39:
959 798 1040 864 όταν
1065 816 1105 863 σε
1126 793 1237 881 καιρὸς
1260 793 1364 890 εΙςόγῃ
1383 792 1493 879 δόμων

324 905 390 970 ἴσον
410 905 513 971 τόνδε
529 905 596 969 κτλ.
614 901 657 969 el.
677 926 726 969 vs.
748 905 809 986 al,
831 906 878 967 75
899 914 933 968 et
949 900 1120 967 Philoctet
1137 923 1185 965 rs.
1206 901 1293 967 837.

576 1004 687 1092 καιρός
702 1032 755 1073 τοι
771 1004 909 1073 πόντων
926 1004 1059 1089 χνεόμαν
1077 1008 1180 1086 ἴσχων

576 1110 661 1175 πολε)
678 1111 772 1193 παρὰ
789 1108 879 1177 πόόα
896 1107 1013 1193 κρότος
1030 1104 1178 1194 όρνυται.

401 1213 458 1279 Sic
475 1223 511 1279 et
526 1212 693 1278 Pindarus
703 1212 805 1302 Pyth.
818 1214 854 1297 a,
865 1214 912 1278 79
932 1209 949 1280 ό
968 1214 1003 1278 δὲ
1021 1212 1130 1299 καιρὸς
1148 1207 1266 1294 ὁμοίως
1282 1210 1406 1284 παντὸς
1424 1210 1491 1291 ἔχει

322 1315 482 1403 κορυφάν.
506 1327 541 1383 et
556 1316 660 1405 Pyth.
681 1320 716 1401 4,
738 1318 811 1383 ‘286
829 1314 848 1382 ri
866 1317 928 1400 γὰρ
945 1316 1055 1399 καιρός
1080 1315 1162 1399 πρὸς
1179 1311 1370 1397 ἀνθρώπων
1386 1314 1489 1397 βραχὺ

321 1425 443 1503 μέτρον
459 1420 536 1501 ἔχει.
576 1418 629 1486 Cf.
646 1420 796 1501 Bunsen‚
813 1420 881 1485 Die
900 1418 970 1485 drei
989 1418 1107 1484 echten
1124 1416 1193 1483 und
1207 1415 1261 1483 die
1279 1418 1350 1483 vier
1367 1416 1491 1481 unach-

323 1534 379 1589 ten
397 1522 511 1589 Briele
529 1533 593 1589 etc.
613 1548 646 1611 p.
668 1525 728 1589 35.
772 1524 957 1589 Infinitirus
977 1524 1020 1597 εἰς
1038 1523 1076 1588 τὸ
1094 1527 1175 1589 θεοῦ
1193 1522 1359 1601 ἐπιτυχεῖν
1375 1529 1490 1585 nostro

322 1625 457 1713 quidem
470 1624 600 1714 judicio
610 1634 638 1692 'a
656 1627 742 1715 Syro
760 1625 843 1693 lalse
860 1625 1024 1707 redditur,
1039 1624 1206 1691 nonenim
1223 1625 1271 1690 sic
1285 1624 1491 1689 enuntiatum

325 1739 377 1795 est
393 1729 604 1795 solvendum:
631 1730 781 1818 Tempus
806 1729 955 1818 postulat
979 1727 1109 1818 (omisit
1126 1730 1202 1817 Syr.
1222 1731 1279 1800 cil
1301 1737 1341 1793 ut
1357 1727 1422 1793 deo
1441 1726 1491 1793 di·

324 1832 492 1922 gnifieeris
516 1834 577 1899 sed
594 1835 660 1899 ita:
687 1835 837 1922 Tempus
860 1832 1050 1921 expostulat
1075 1842 1110 1899 te
1126 1842 1165 1898 ut
1182 1831 1246 1897 deo
1265 1830 1490 1921 dignificetur,

323 1936 394 2003 scil.
419 1947 612 2025 operatua.
668 1937 757 2003 Tum
779 1960 866 2025 quae
892 1936 1097 2025 praecedunt
1122 1945 1200 2024 apta
1224 1944 1312 2017 sunt,
1338 1934 1490 2023 Ignatius

323 2040 410 2105 enim
429 2040 518 2105 nulla
536 2042 648 2129 gratia
674 2064 776 2130 egere
794 2040 866 2107 vult
882 2040 1119 2129 Polycarpum,
1145 2039 1223 2127 quia
1249 2049 1400 2127 tempora
1418 2035 1490 2125 ejus

322 2143 410 2208 vires
440 2144 620 2230 postulant,
652 2155 691 2209 ut
721 2155 814 2210 aetas
844 2143 902 2209 illa
933 2144 966 2209 in
976 2143 1055 2213 ‚Dei
1080 2142 1341 2209 communionem
1367 2142 1489 2207 veniat.

322 2246 441 2335 Imago
459 2269 547 2333 quae
564 2248 599 2312 in
615 2258 709 2313 textu
726 2271 852 2337 graeco
870 2257 932 2332 est,
952 2248 1101 2336 quamvis
1119 2247 1251 2311 minime
1269 2246 1417 2335 elegans,
1441 2245 1490 2309 in-

324 2349 432 2438 telligi
449 2359 571 2437 potest,
596 2351 700 2440 Syrus
719 2361 830 2419 autern
847 2374 955 2441 nugas
973 2350 1085 2434 habet,
1105 2373 1206 2439 quum
1225 2349 1332 2415 dieat:
1360 2348 1409 2415 Ut
1426 2371 1490 2437 gu·

323 2455 481 2519 bernator
499 2477 615 2520 narem
634 2466 712 2538 etc,
731 2454 779 2519 sio
796 2464 926 2542 tempus
941 2455 1068 2542 expetit
1085 2464 1123 2519 ut
1141 2452 1205 2519 deo
1224 2452 1437 2541 dignificeris.

398 2555 533 2623 Deinde
550 2581 623 2645 cap.
633 2557 696 2623 ΠΙ.
715 2558 772 2623 ubi
785 2559 890 2646 Syrus
909 2556 1009 2623 habet
1026 2550 1142 2653 lgxssll
1157 2548 1218 2665 ,ΓΙ
1234 2548 1326 2636 lm
1344 2576 1386 2661 (χ
1404 2568 1490 2638 tono

321 2680 413 2781 ὼ)
432 2694 465 2759 in
482 2694 568 2762 libro
586 2716 711 2784 graeco
725 2694 850 2784 legitur
867 2691 909 2771 ὥς
922 2691 1034 2779 ἄκμων
1046 2692 1260 2780 τυπτόμενος,
1280 2690 1369 2783 quod
1383 2692 1490 2782 magis

322 2797 485 2887 originale
505 2797 578 2887 jam
597 2822 671 2864 eam
696 2801 738 2865 ob
758 2821 890 2865 causam
918 2809 979 2883 est,
1007 2799 1097 2887 quod
1121 2800 1326 2887 comparatio
1350 2797 1490 2863 hominis

322 2925 396 2967 cum
416 2901 535 2968 incude
552 2925 618 2967 non
637 2911 688 2969 est
706 2903 898 2969 communis.
945 2903 1049 2992 Syrus
1066 2927 1146 2969 vero
1164 2903 1215 2968 bis
1232 2891 1349 3000 ignit!
1365 2923 1489 2990 ponens

321 3005 386 3071 loci
404 3006 667 3094 peculiaritatem
687 3007 783 3074 tollit.
839 3009 923 3095 Cap.
943 3007 1001 3074 lv.
1030 3031 1108 3073 vero
1133 3007 1202 3072 sine
1221 3006 1322 3072 dubio
1341 3007 1416 3094 Syr.
1436 3025 1489 3070 re-

321 3120 409 3175 ctam
426 3109 602 3176 lectionem
620 3111 765 3176 serravit
782 3102 883 3208 lulag
899 3123 986 3193 tow
1006 3143 1036 3167 =
1057 3109 1213 3178 εὖοτόθει
1232 3108 1322 3198 quod
1336 3119 1370 3174 et
1388 3110 1489 3174 inter-

321 3213 453 3300 polator
476 3213 594 3298 habet,
620 3237 730 3301 neque
756 3224 807 3280 est
831 3237 891 3279 cur
916 3213 1146 3302 imperativum
1170 3213 1258 3280 hunc
1282 3235 1489 3302 respuamus,

321 3339 421 3402 quum
440 3326 512 3381 tota
528 3315 600 3381 fere
619 3315 758 3404 epistola
783 3339 824 3382 ex
842 3317 997 3382 brevibus
1023 3317 1200 3382 enuntiatis
1225 3319 1268 3383 sit
1294 3317 1487 3406 composita.

322 3418 388 3492 Qui
406 3415 570 3504 εὐσταθὴς
587 3419 657 3484 vult
675 3442 809 3485 serrare
827 3417 953 3485 addere
972 3419 1072 3486 debet
1089 3421 1299 3509 participium
1318 3418 1373 3487 aiv.
1403 3421 1487 3508 Cap.

321 3521 362 3586 V.
382 3521 568 3587 Bunsenius
586 3545 703 3588 vocem
720 3529 928 3605 κακοτεχνίας
948 3534 1064 3590 contra
1084 3523 1172 3612 Syri,
1192 3526 1364 3590 amborum
1382 3525 1489 3589 Grae-

321 3647 436 3690 corum
467 3636 501 3690 et
530 3625 728 3692 Latinorum
753 3627 986 3694 auctoritatem
1011 3637 1117 3694 mutat
1142 3627 1176 3692 in
1200 3630 1257 3703 τὰς
1279 3633 1491 3709 κακοτέχνους

305 3728 396 3819 ¹(die
414 3728 533 3795 wilsclr
552 3741 731 3818 coquetten
748 3731 907 3822 weiberl)
933 3756 966 3820 p.
988 3733 1047 3798 37.
1095 3730 1194 3806 Quod
1212 3733 1239 3798 si
1258 3755 1337 3797 vero
1360 3753 1489 3796 κακουε·

320 3839 396 3914 χνία
414 3857 468 3898 res
487 3843 538 3898 est
555 3844 622 3899 tam
648 3833 759 3917 foeda,
783 3858 892 3900 nonne
915 3833 1105 3915 κακότεχνος
1128 3846 1179 3900 est
1197 3836 1295 3901 homo
1314 3833 1407 3900 malis
1426 3833 1489 3898 illis

321 3937 446 4000 artibus
462 3947 512 4002 est
525 3937 694 4003 imbutus?
722 3936 812 4012 Quid
829 3936 934 4025 igitur
948 3935 1011 4002 hac
1025 3936 1255 4003 emendatione
1270 3935 1489 4003 emendatur?

319 4037 368 4104 Et
384 4038 465 4127 quid
483 4039 544 4104 sibi
563 4039 678 4106 volunt
694 4040 867 4128 sequentia
891 4041 1017 4124 μᾶλλον
1034 4049 1110 4125 περὶ
1135 4039 1299 4107 ταότονν
1323 4037 1410 4126 (τῶν
1433 4066 1489 4103 κα-

234 4157 239 4163 ’
319 4148 482 4223 κοτέχνων
499 4150 673 4224 γυναικῶν)
692 4141 823 4223 ὁμιλίαν
840 4148 951 4208 ποῖον’.)
996 4143 1141 4209 Jubetne
1158 4143 1311 4233 Ignatius
1328 4141 1489 4233 Polycar-

291 4277 293 4281 .
320 4267 399 4333 pum
418 4245 459 4310 de
478 4245 668 4311 mulieribus
686 4245 749 4312 illis
768 4269 953 4312 sermonem
971 4243 1106 4314 iacere?
1150 4249 1220 4314 Res
1239 4271 1318 4314 sane
1337 4245 1380 4312 ad
1399 4245 1489 4312 aedi-

319 4347 483 4413 ficandam
502 4348 675 4414 ecclesiam
700 4347 927 4440 aptissima!¹)
971 4350 1102 4416 Eodem
1127 4352 1236 4441 capite
1260 4353 1382 4416 Graec.
1410 4347 1486 4412 min.

391 4561 417 4627 ¹)
434 4561 479 4616 Cf.
494 4561 618 4616 Uhlhorn
639 4565 669 4616 in
691 4563 828 4634 Niedner,
849 4567 975 4621 Ztschrlt
996 4565 1072 4636 1851,
1095 4583 1121 4636 p.
1139 4565 1175 4619 26
1199 4567 1246 4634 qui
1268 4564 1436 4633 κακοτεχνίαν
1454 4565 1489 4618 de

320 4665 405 4719 pravo
422 4648 531 4703 dicendi
548 4665 652 4720 genere
668 4651 798 4722 intelligit
814 4657 863 4721 ().
