3500 5525
896 554 941 619 10

815 660 1020 671 ψ..-

334 796 429 879 ritas,
459 818 525 861 uon
550 794 585 861 id
609 795 713 861 totius
737 794 899 861 eeclesiae
923 796 1116 884 periculum,
1151 806 1307 885 quantum
1341 794 1504 885 epistolae

334 910 470 966 nostrae
500 908 701 987 proponunt,
733 922 820 986 quae
850 900 1011 988 Cypriani
1042 902 1152 988 potius
1184 902 1327 966 animum
1358 901 1502 988 sapiunt,

334 1025 434 1091 quam
450 1003 513 1068 riri
531 1002 704 1090 apostolici
721 1002 975 1091 simplicitatem.
1021 1004 1099 1070 Nou
1125 1004 1211 1070 enim
1237 1006 1328 1069 brevi
1351 1014 1502 1091 tempore

332 1130 395 1173 nec
409 1105 506 1196 jussu
524 1106 681 1193 quodam,
700 1106 760 1171 sed
779 1128 840 1171 usu
853 1106 964 1195 potius
979 1108 1129 1173 instituta
1144 1108 1367 1173 ecclesiastica
1387 1117 1502 1173 aucto-

332 1212 467 1277 ritatem
484 1210 640 1276 ridentur
657 1211 826 1298 accepisse
843 1221 879 1275 et
896 1211 1049 1299 pretium.
1092 1212 1189 1286 Quae
1206 1212 1284 1277 inde
1302 1212 1344 1276 de
1363 1210 1501 1276 authen-

332 1315 381 1381 tia
405 1314 471 1379 sint
495 1313 696 1402 colligenda,
729 1313 897 1402 theologis
920 1313 1147 1402 relinquimus,
1175 1337 1278 1403 quum
1304 1314 1347 1380 de
1371 1336 1411 1379 ea
1436 1336 1503 1379 uon

333 1417 545 1499 disseramus,
564 1427 679 1481 nostra
695 1417 776 1481 nibil
794 1417 944 1497 interest,
963 1418 1025 1483 nisi
1040 1429 1117 1483 aute
1131 1418 1245 1484 oculos
1258 1440 1395 1507 ponere,
1416 1440 1501 1505 quae

331 1520 424 1587 hisce
441 1522 474 1586 in
493 1519 641 1607 epistolis
658 1542 738 1585 rere
755 1520 921 1609 legantur.

408 1626 485 1690 Jam
503 1646 583 1689 vero
601 1622 848 1711 procedendum
866 1624 961 1689 uobis
976 1634 1028 1690 est
1042 1624 1085 1689 ad
1099 1649 1156 1691 eas
1171 1624 1340 1713 epistolas,
1360 1646 1501 1713 quarum

333 1728 492 1793 babemus
509 1727 694 1792 versionem
712 1727 888 1815 syriacam.
927 1727 1027 1801 Quod
1045 1728 1186 1816 primum
1206 1728 1334 1795 adtinet
1353 1728 1396 1794 ad
1414 1728 1501 1794 obri-

331 1831 523 1921 stologiam‚
543 1830 695 1897 Christus
713 1831 902 1896 nominatur
916 1830 998 1896 deus
1011 1831 1043 1895 in
1058 1833 1271 1920 inscriptione
1285 1856 1338 1921 ep.
1354 1831 1397 1897 ad
1410 1831 1498 1919 pr.

330 1936 389 2000 ubi
406 1946 518 2001 utrum
536 1936 641 2023 Syrus
663 1957 782 2000 nomeu
808 1933 862 1999 dei
888 1933 1012 1999 referat
1037 1935 1081 2000 ed
1106 1946 1236 2025 patrem
1262 1958 1302 2001 an
1327 1928 1371 2001 ad
1397 1936 1501 2000 filium

268 2058 273 2063 ’
332 2036 469 2103 dubium
488 2049 551 2121 est,
575 2049 687 2103 tamen
713 2049 748 2103 et
766 2040 871 2126 Syrus
889 2038 922 2103 in
947 2039 1036 2107 exitu
1056 2062 1108 2127 ep.
1136 2038 1178 2104 ad
1202 2040 1302 2105 Rom.
1331 2040 1499 2105 Christum

333 2140 414 2206 dicit
432 2140 542 2206 deum.
578 2141 645 2206 Hie
659 2140 812 2206 Christus
831 2151 883 2206 est
901 2142 1042 2207 earnalis
1069 2153 1102 2209 et
1120 2142 1288 2231 spiritalis,
1307 2144 1440 2231 genitus
1466 2152 1501 2207 et

330 2244 547 2333 uougenitus,
567 2244 603 2309 ἐν
621 2253 719 2326 σαρκὶ
735 2244 907 2327 γενόμενος
923 2244 1014 2324 θεός,
1032 2245 1209 2312 immortali
1227 2268 1306 2311 vera
1321 2246 1388 2311 vita
1402 2268 1498 2334 prae-

332 2348 434 2431 ditus,
462 2372 482 2413 e
499 2348 629 2435 virgine
646 2346 755 2412 Maria
772 2356 881 2425 natus,
901 2349 1041 2435 primum
1060 2349 1223 2437 passibilis
1240 2348 1361 2415 deinde
1379 2351 1500 2437 impas-

332 2452 447 2520 sibilis.
476 2453 575 2517 Haec
592 2450 744 2516 doctrina
761 2450 849 2537 Eph.
872 2454 891 2513 7
914 2453 1092 2539 opponitur
1110 2452 1353 2533 haereticorum
1372 2454 1498 2541 opinio-

332 2557 440 2635 nibus,
460 2556 595 2620 canibus
614 2553 751 2634 rabidis,
776 2553 920 2618 latenter
938 2554 1175 2621 mordentibus.
1219 2556 1248 2621 Ii
1273 2557 1390 2643 quibus
1414 2555 1499 2620 hanc

331 2657 518 2724 doctrinam
537 2658 674 2746 opponit
691 2680 790 2722 unam
807 2667 936 2722 tautum
956 2658 1080 2723 Christi
1104 2671 1256 2725 naturam
1282 2659 1497 2747 accipiebant,

331 2761 473 2852 ejusque
490 2763 740 2852 generationem
765 2762 1052 2850 supranaturalem
1070 2766 1251 2852 negabant,
1277 2776 1372 2830 erant
1397 2763 1500 2852 igitur

330 2865 524 2945 Judaistae;
551 2868 654 2931 verba
678 2865 762 2931 haec
785 2888 865 2931 vero
898 2867 1086 2954 „passibilis
1113 2867 1234 2934 deiude
1264 2867 1499 2956 impassibilis“

331 2993 397 3038 nou
416 2969 478 3036 nisi
497 2970 540 3036 ad
558 2971 729 3060 gnosticos
742 2968 892 3036 Docetas
909 2981 1048 3059 possunt
1065 2970 1198 3051 referri;
1217 2969 1376 3038 habemus
1395 2971 1500 3060 igitur

330 3074 468 3140 easdem
486 3074 671 3139 haereticas
688 3072 860 3157 factiones,
888 3086 1003 3140 contra
1029 3099 1111 3162 quas
1130 3077 1272 3164 scriptor
1298 3097 1411 3141 earum
1431 3074 1499 3162 epi·

332 3177 492 3242 stolarum
509 3177 683 3264 pugnavit,
712 3176 754 3240 de
772 3178 891 3262 quibus
909 3199 1009 3264 supra
1034 3181 1134 3244 verba
1153 3178 1301 3244 fecimus.
1347 3178 1499 3244 Eandem

331 3279 580 3368 christologiam
605 3278 705 3342 docet
726 3278 819 3343 locus
847 3278 891 3343 ad
916 3279 1003 3367 Eph.
1035 3283 1092 3363 18,
1126 3292 1160 3346 et
1184 3281 1272 3368 quod
1304 3280 1357 3344 bie
1388 3290 1498 3344 textus

330 3405 485 3472 graecus,
505 3381 626 3446 suadet
642 3382 747 3469 Syrus
765 3379 808 3445 ad
824 3380 1049 3469 Polycarpum
1070 3385 1104 3466 3,
1132 3384 1188 3448 ubi
1206 3382 1359 3446 Christus
1377 3381 1499 3447 dicitur

331 3509 431 3574 supra
450 3495 580 3573 tempus
598 3484 717 3566 elatus,
736 3484 974 3572 intemporalis,
994 3485 1175 3568 invisibilis,
1196 3485 1251 3572 qui
1264 3495 1378 3550 nostra
1397 3507 1498 3550 causa

331 3588 468 3654 risibilis
486 3599 538 3654 est
564 3587 683 3672 factus,
707 3587 927 3676 impalpabilis
953 3589 1009 3676 qui
1031 3599 1145 3654 nostra
1170 3613 1268 3655 causa
1293 3599 1345 3655 est
1368 3611 1496 3677 passuS,

330 3693 387 3782 qui
405 3693 494 3759 omni
512 3692 611 3758 modo
638 3703 774 3780 propter
799 3715 858 3756 uos
885 3693 1050 3759 sustinuit.
1096 3693 1134 3757 In
1160 3693 1300 3782 epistola
1326 3692 1369 3758 ad
1395 3694 1494 3758 Rom.

329 3797 410 3863 talia
427 3820 494 3862 uon
512 3797 682 3885 leguntur,
711 3819 825 3861 verum
850 3819 891 3861 ea
915 3819 981 3861 non
1000 3797 1032 3860 in
1051 3798 1150 3862 rebus
1170 3796 1366 3886 dogmaticis
1385 3819 1496 3861 versa-

328 3911 395 3966 tur.
437 3899 566 3965 Eadem
586 3900 689 3987 igitur
707 3897 923 3987 christologia
942 3899 1043 3964 ethis
1063 3901 1221 3988 epistolis,
1248 3900 1300 3965 vel
1319 3901 1424 3965 textui
1443 3924 1497 3988 sy-

328 4004 420 4069 riaco
438 4003 535 4084 inest,
555 4025 654 4089 quam
671 4025 772 4089 supra
790 4001 1078 4089 deprehendimus.

406 4105 538 4172 Deinde
562 4105 653 4192 quod
676 4105 795 4170 attinet
826 4103 870 4170 ad
897 4105 1127 4194 episcoporum
1146 4117 1281 4188 statum,
1301 4105 1372 4194 jam
1391 4106 1496 4193 primo

330 4208 373 4274 ad
390 4209 477 4297 pr.
498 4209 608 4296 capite
625 4218 664 4273 ut
681 4207 821 4273 ecclesia
840 4230 916 4272 cum
933 4210 1090 4298 episcopo
1117 4210 1149 4274 in
1169 4209 1346 4276 concordia
1365 4209 1408 4273 sit
1425 4229 1495 4272 mo-

328 4322 397 4395 uet,
418 4311 538 4378 deinde
563 4315 679 4399 caph
707 4311 862 4398 episcopo
889 4321 923 4376 et
947 4313 1150 4403 presbyteris
1177 4311 1397 4378 obediendum
1423 4329 1496 4372 esse

328 4413 410 4481 dicit
428 4412 509 4505 (pro
534 4412 792 4498 ἕπιτασσόμενοι
810 4415 896 4479 enim
915 4415 1180 4500 ὑποτασσόμενοι
1208 4426 1259 4481 est
1276 4409 1494 4503 legendum);

327 4542 436 4607 neque
455 4516 545 4584 aliud
568 4517 688 4583 suadet
710 4541 783 4606 cap.
812 4521 925 4601 3—5,
951 4519 1016 4584 imo
1040 4521 1232 4608 episcopum
1257 4530 1296 4584 ut
1320 4516 1419 4582 deum
1437 4515 1495 4582 ha-

327 4622 472 4688 bendum
490 4644 564 4688 esse
582 4619 676 4687 addit
693 4621 781 4711 Eph.
803 4624 825 4688 6
845 4621 888 4688 cf.
910 4625 970 4689 20.
1017 4623 1132 4689 Monet
1150 4633 1184 4689 et
1201 4621 1438 4712 Polycarpum,
1457 4630 1496 4686 ut
