3500 5525
316 768 447 847 gotum,
475 756 510 825 id
527 757 619 847 quod
635 768 672 825 et
689 757 768 825 iude
785 767 936 847 apparet,
962 757 1052 845 quod
1070 756 1147 823 Joh.
1173 756 1263 823 locos
1281 756 1408 841 laudat,
1428 758 1484 844 qui

315 861 417 929 hodie
435 860 524 950 apud
541 862 711 951 muntium
727 885 794 929 non
812 872 955 929 exstem.
983 861 1069 928 Vide
1085 862 1203 927 Curet.
1218 884 1250 950 p.
1271 862 1339 927 181
1362 858 1484 947 εὐεργε-

316 972 374 1052 σίᾳ
390 975 458 1041 τοῖς
483 963 732 1052 ὕποδετστίροος
753 992 783 1031 κ.
801 992 833 1033 τ.
850 968 896 1044 λ.,
923 972 1108 1051 παρθενίας
1133 964 1227 1047 ζιῖγυυ
1251 991 1279 1031 κ.
1298 992 1328 1030 τ.
1346 966 1390 1043 λ.,
1416 973 1485 1039 ταῖς

315 1074 401 1144 νέοις
417 1069 575 1155 ἐπίτρεπε
591 1095 620 1135 κ.
639 1096 668 1135 τ.
687 1072 716 1135 λ.
770 1068 915 1135 Ultimos
934 1067 1017 1135 duos
1041 1078 1076 1134 et
1094 1069 1255 1133 Antonius
1272 1067 1407 1134 Melissa
1424 1067 1484 1133 ha-

314 1172 384 1253 bet,
403 1171 520 1240 Curet.
539 1194 572 1261 p.
595 1174 682 1255 185,
707 1183 801 1239 recte
826 1172 930 1261 igitur
947 1171 1081 1259 Lipsius
1101 1171 1151 1237 his
1168 1173 1384 1261 scriptoribus
1403 1195 1484 1238 eun-

317 1274 392 1343 dem
411 1285 540 1345 textum
557 1275 731 1357 adtribuit,
749 1275 810 1343 scd
828 1275 964 1341 hicnon
982 1298 1058 1341 cum
1075 1276 1182 1364 Lipsii
1201 1277 1409 1352 Bconrenit.
1436 1276 1485 1341 Et

315 1378 456 1468 siugulis
474 1380 584 1450 verbis
601 1379 636 1445 hi
654 1380 741 1445 inter
758 1402 794 1445 se
812 1379 1022 1459 conveniunt,
1048 1380 1166 1467 quibus
1185 1401 1205 1443 a
1222 1372 1367 1445 textibus
1384 1400 1484 1467 grae-

316 1483 364 1549 cis
381 1482 555 1566 recedunt,
574 1507 605 1547 e.
623 1506 661 1570 g.
688 1482 764 1548 Pol.
786 1484 808 1549 3
828 1488 925 1569 στῆτε
942 1479 984 1555 ὡς
1002 1479 1115 1567 stupes
1131 1482 1345 1567 τυπτόμενος,
1364 1504 1438 1570 cap.
1459 1483 1482 1546 4

316 1585 352 1653 ολ
365 1586 477 1653 δοῦλοι
494 1587 538 1670 μὴ
555 1585 740 1671 decisurus,
765 1609 840 1674 cap.
861 1588 883 1650 Β
910 1582 1168 1672 ἀπαθεστέρους
1185 1608 1246 1673 pro
1264 1587 1483 1670 λοομοτέρους,

315 1699 427 1757 tamen
445 1699 479 1755 et
502 1689 589 1755 inter
613 1713 652 1755 sc
675 1699 752 1755 sunt
778 1688 900 1755 diversi
925 1688 1014 1776 Epis.
1036 1691 1071 1773 5,
1092 1691 1114 1755 6
1143 1686 1204 1777 (cl.
1225 1688 1318 1777 Lips.
1346 1713 1379 1777 p.
1401 1686 1482 1779 55).

315 1793 477 1861 Antonius
494 1816 576 1859 xero
593 1816 669 1859 cum
689 1800 717 1858 Α
734 1794 888 1859 convenit
913 1792 989 1859 Pol.
1011 1794 1032 1860 5
1065 1792 1126 1859 ἐὰν
1148 1799 1282 1885 γνωσθῇ
1306 1796 1409 1861 πλέον
1425 1799 1484 1859 τοῦ

314 1897 423 1965 tucax.
442 1899 473 1963 Β
490 1892 584 1982 πλὴν,
602 1897 647 1963 ib.
663 1901 722 1962 irc
739 1894 758 1964 d
773 1896 874 1980 γάμος
891 1893 910 1991 ᾖ
928 1897 1012 1963 κατὰ
1034 1896 1129 1975 θεὸν,
1155 1894 1333 1981 Βκῦριον,·
1360 1918 1434 1965 cum
1455 1898 1484 1961 Β

315 1999 470 2067 convenit
486 2000 595 2069 verbis
619 2001 846 2087 electissimis
869 2001 989 2085 σαρκὸς
1006 2004 1065 2067 τοῦ
1081 2004 1213 2084 κυρίου,
1237 2002 1267 2063 Α
1292 2004 1349 2066 τοῦ
1373 2005 1482 2087 κυρίου

315 2108 370 2187 τῆς
387 2100 525 2189 σαρκός,
551 2102 679 2168 recedit
704 2126 826 2169 veroa
853 2103 994 2169 Graecis
1020 2103 1180 2169 ambobus
1205 2102 1359 2169 omittens
1383 2104 1484 2169 verba

315 2204 377 2273 tots
406 2210 603 2290 καυχησίται
634 2203 783 2271 ἀπώλετο
815 2216 851 2271 et
881 2205 1007 2273 addens
1043 2208 1185 2290 αἰσχρὰν
1216 2205 1259 2271 ad
1291 2208 1482 2289 ἐπιθυμίαν.

316 2306 403 2375 Alibi
421 2317 533 2375 autem
549 2307 638 2397 Eph.
659 2310 702 2374 13
723 2308 824 2374 habet
837 2308 1043 2390 καταλύεται,
1061 2313 1101 2390 Α,
1115 2311 1158 2388 Β,
1172 2309 1250 2375 Joh.
1264 2318 1482 2393 καταργεῖται.

316 2411 373 2477 Sic
390 2422 426 2478 et
443 2412 517 2479 Trl.
538 2415 561 2478 4
585 2411 680 2478 addit
697 2435 772 2477 cum
791 2413 821 2477 Β
838 2420 874 2477 ct
890 2411 967 2477 Joh.
996 2411 1156 2497 διάβολος,
1182 2413 1305 2478 omittit
1322 2422 1433 2477 tamen
1452 2409 1485 2491 d,

316 2514 407 2601 quod
424 2518 456 2581 B
473 2515 584 2581 habet.
612 2516 776 2582 Maximus
793 2513 915 2581 deinde
939 2514 1013 2581 loco
1036 2524 1151 2581 nostro
1177 2538 1253 2580 cum
1273 2519 1302 2582 Β
1319 2516 1482 2598 convenit,

315 2616 393 2683 Joh.
419 2640 498 2684 roro
522 2640 583 2706 pro
607 2625 766 2703 φοοιοῦοι
796 2618 881 2707 legit
912 2625 1063 2705 φυσῶσι,
1095 2618 1224 2685 recedit
1254 2629 1364 2685 autem
1396 2617 1483 2683 idem

315 2720 479 2788 Maximus
497 2744 572 2788 cum
588 2721 666 2788 Joh.
687 2746 707 2788 a
732 2723 764 2788 B
788 2722 857 2788 Sm.
883 2724 940 2808 ll,
966 2722 1023 2788 ubi
1049 2724 1079 2790 B
1104 2724 1242 2790 verbum
1267 2725 1360 2792 ἐστὶν
1383 2722 1484 2790 ethis

315 2831 372 2891 καί
387 2824 492 2892 addit.

394 2981 556 3049 Omnibus
574 2979 625 3046 his
638 2981 720 3050 locis
735 2991 826 3048 recte
840 2983 1011 3072 perpensis
1026 3006 1090 3048 non
1110 3005 1283 3070 possumus
1300 2981 1484 3048 Johannem

317 3085 507 3168 Antonium,
534 3085 714 3149 Maximum
739 3086 939 3152 recensionis
966 3089 996 3151 Β
1021 3086 1198 3152 admittere
1223 3096 1352 3152 testem.
1407 3085 1484 3150 Non

316 3187 421 3276 igitur
439 3197 506 3252 stat
523 3187 629 3274 Lipsii
648 3187 778 3276 opini03
805 3189 954 3254 recensio
980 3190 1011 3253 Β
1036 3191 1167 3255 omnino
1193 3213 1257 3256 non
1283 3199 1344 3275 est,
1370 3211 1483 3254 verum

316 3290 429 3375 variae
446 3289 606 3356 lectiones
625 3290 743 3356 mirum
760 3292 793 3356 in
817 3289 950 3356 modum
976 3291 1149 3376 fluctuant,
1175 3292 1222 3360 ita
1246 3302 1285 3358 ut
1308 3292 1406 3360 modo
1432 3291 1484 3357 hic

316 3392 415 3460 modo
435 3393 503 3459 illic
520 3392 626 3460 lorme
652 3394 824 3486 originalis
847 3391 1001 3460 rideatur
1027 3393 1143 3460 latere.
1198 3393 1298 3468 Quod
1323 3407 1361 3462 ut
1385 3406 1420 3462 et
1443 3397 1484 3461 ab

317 3495 424 3563 altera
440 3507 536 3587 parte
560 3497 774 3580 illustremus,
802 3495 956 3564 addenda
982 3497 1042 3562 sub
1069 3497 1169 3563 finem
1192 3497 1326 3566 collatio
1351 3499 1484 3564 testium

316 3623 445 3686 eorum,
465 3624 548 3690 quos
565 3601 701 3690 Lipsius
719 3601 920 3668 recensionis
941 3604 970 3665 Α
989 3599 1069 3666 dicit
1087 3601 1241 3685 asseclas,
1270 3601 1388 3692 quaid
1407 3626 1485 3668 con-

315 3703 483 3772 firmatum
501 3705 541 3771 iri
565 3729 749 3795 speremus,
774 3703 865 3793 quod
891 3702 933 3770 de
956 3705 1200 3772 recensionibus
1227 3707 1267 3772 ab
1294 3730 1334 3772 eo
1353 3705 1484 3774 statutis

316 3810 539 3896 exposuimus.

392 3961 541 4027 Primum
560 3987 593 4051 p.
615 3963 663 4028 59
689 3962 788 4027 affert
812 3958 1076 4044 Theodorctum,
1103 3961 1159 4048 qui
1182 3963 1251 4028 Sm.
1275 3965 1291 4027 l
1321 3965 1486 4050 πεπληρο-

316 4071 498 4151 φορημέυος
521 4101 572 4116 --
598 4067 636 4133 ἐν
654 4070 751 4153 σαρκί
773 4062 816 4129 ad
836 4064 973 4128 verbum
991 4085 1065 4127 cum
1085 4069 1115 4128 Α
1133 4065 1318 4150 conveniat,
1338 4067 1485 4154 exceptis

317 4166 448 4234 duobus
461 4166 555 4251 locis,
574 4165 705 4255 ἀληθῶς
722 4167 819 4233 aliter
833 4176 886 4232 est
899 4166 1044 4254 positum
1058 4175 1093 4231 et
1109 4189 1171 4256 pro
1189 4171 1273 4234 κατὰ
1290 4173 1419 4254 θέλημα
1437 4168 1484 4231 Ιο-

314 4272 408 4360 gitur
425 4271 580 4357 θεότητα.
616 4270 685 4336 Sed
703 4269 858 4336 audiatur
876 4281 911 4335 ct
929 4269 1035 4336 altera
1052 4293 1140 4359 pers.
1169 4271 1484 4362 Interpolutionibus

313 4384 422 4442 scatet
439 4377 483 4453 B,
506 4384 687 4462 quaesunt
709 4373 946 4456 secernendae,
972 4374 1063 4462 quod
1087 4384 1126 4440 ut
1149 4375 1222 4441 lieri
1248 4374 1364 4464 possit,
1391 4372 1485 4438 nobis

314 4500 403 4544 nunc
425 4477 673 4566 interpolatoris
696 4477 782 4544 ratio
813 4488 866 4544 est
892 4477 1124 4563 describenda,
1157 4480 1203 4546 ita
1234 4489 1273 4545 ut
1298 4485 1426 4544 textum
1454 4477 1487 4543 B

313 4591 474 4670 quantum
492 4604 666 4670 possumus
684 4581 911 4650 restituamus.
