3500 5525
896 604 943 669 59

817 704 1021 720 Q·-

335 846 433 935 Apud
450 834 575 912 Euseb.
595 844 729 934 quidem
747 844 872 933 legitur
889 836 999 931 limes?
1017 836 1094 925 im
1108 843 1224 909 Curet.
1244 866 1277 932 p.
1295 844 1381 927 903,
1400 842 1423 909 l.
1441 844 1504 925 96,

335 948 396 1016 sed
413 950 467 1015 hic
484 951 517 1015 in
535 973 573 1017 re
589 959 704 1015 nostra
722 949 801 1014 nihil
820 947 901 1013 facit
915 948 1032 1015 Curet.
1052 973 1084 1037 p.
1104 949 1191 1030 350,
1211 969 1312 1035 quum
1330 947 1358 1011 is
1377 947 1433 1033 qui
1451 958 1504 1011 to-

336 1064 406 1118 tum
424 1054 607 1119 Eusebium
625 1053 764 1119 verterit
781 1053 835 1117 rix
850 1052 1035 1119 versionem
1052 1052 1168 1117 hurum
1187 1075 1262 1139 epp.
1284 1050 1505 1137 antiquiorem
1628 1122 1633 1131 ¹

335 1157 607 1246 transscripserit.
645 1156 803 1222 Ceterum
821 1167 856 1221 et
873 1156 1011 1221 Eusebii
1029 1156 1144 1244 graeci
1161 1165 1290 1220 textum
1308 1152 1505 1243 originalem

336 1261 453 1325 Curet.
487 1286 519 1349 p.
549 1260 615 1326 161
653 1259 788 1326 exhibet
817 1282 926 1347 neque
956 1269 1103 1325 nostrum
1136 1256 1278 1349 (Graec.
1299 1255 1353 1349 Ἀ)
1381 1254 1504 1323 reddit.

335 1364 447 1429 Verba
460 1370 627 1447 ἀνατομαὶ
639 1372 694 1428 καὶ
708 1366 883 1450 διαιρέσεις
896 1364 972 1450 Syr.
989 1362 1106 1428 Curet.
1122 1360 1255 1448 quidem
1271 1360 1404 1442 omittit,
1413 1361 1503 1425 Arm.

336 1478 447 1533 tamen
466 1466 572 1549 addit,
599 1476 688 1532 utet
705 1467 738 1531 in
755 1458 1012 1649 frgmssuss
1036 1465 1172 1554 legitur.
1228 1466 1387 1531 Ceterum
1404 1462 1504 1552 frgm.

335 1594 434 1636 voces
451 1562 546 1657 liyuz
564 1571 766 1657 σκορπισμός
785 1580 820 1635 et
979 1567 1097 1660 (frgm.
1116 1560 1276 1658 lumem)
1296 1570 1439 1654 συγκοπὴ
1457 1567 1507 1631 in-

336 1684 389 1739 ter
407 1682 443 1740 s'e
461 1682 640 1762 permutat,
660 1674 717 1761 qui
735 1683 787 1739 est
805 1694 911 1754 error,
932 1694 1032 1760 quum
1047 1674 1168 1738 Graec.
1186 1682 1220 1738 et
1233 1673 1323 1737 Arm.
1340 1692 1415 1737 cum
1429 1672 1504 1759 Syr.

337 1810 418 1877 Cur.
439 1810 652 1877 concordent.
695 1810 751 1875 Sic
769 1820 804 1875 et
821 1834 920 1877 voces
937 1792 1050 1890 imm
1069 1807 1170 1902 (text.
1190 1800 1333 1901 itu-inl.)
1353 1818 1388 1875 et
1404 1780 1507 1888 lid-⁹1.

336 1909 527 2003 permutans
545 1914 665 2003 fragm.
687 1938 706 1979 a
724 1924 817 1980 recto
842 1914 948 1997 abest,
971 1904 1075 1994 1ο...
1099 1915 1197 1998 enim,
1225 1912 1315 2003 quod
1333 1912 1366 1979 in
1384 1912 1504 1978 Pesch.

336 2020 436 2083 Rom.
458 2020 492 2098 3,
516 2020 561 2082 16
580 2041 641 2106 pro
667 2016 852 2107 σύντριμμα
877 2028 912 2083 et
939 2016 1057 2083 lTim.
1079 2018 1113 2101 6,
1135 2020 1156 2082 5
1183 2040 1243 2105 pro
1267 2016 1508 2103 διαπαρατριβαὶ

235 2170 238 2175 .
337 2130 517 2209 usurpatur
542 2145 658 2187 vocem
689 2116 825 2203 ἆλεσμοὶ
855 2122 941 2186 bene
973 2120 1138 2211 exprimit,
1170 2112 1295 2199 luel.
1325 2142 1404 2186 vero
1436 2120 1506 2185 sive

335 2216 465 2306 imm,
486 2222 579 2311 cujus
598 2222 693 2289 radix
712 2224 744 2315 in
758 2222 880 2291 Pesch.
901 2248 962 2313 pro
975 2230 1164 2311 βασανίζειν
1182 2222 1306 2313 legitur
1325 2222 1368 2289 ad
1382 2222 1505 2287 descri-

334 2326 461 2393 bendas
481 2326 603 2392 diaboli
622 2337 710 2393 artes
729 2328 813 2392 bene
832 2328 987 2415 quadrat,
1015 2324 1057 2393 cf.
1080 2326 1204 2393 apen.
1226 2330 1261 2411 9,
1282 2330 1304 2392 4
1333 2334 1439 2413 σειραὶ
1459 2324 1507 2405 ζό-

336 2456 403 2519 φου
420 2437 630 2519 σαριαρῶσαι
648 2422 775 2517 inim?
789 2422 864 2517 luy,
884 2430 969 2495 Luc.
994 2432 1052 2515 16,
1074 2432 1133 2496 93.
1169 2430 1267 2497 Licet
1284 2428 1507 2519 fragmentum

336 2546 371 2600 et
388 2543 498 2601 textus
518 2535 686 2600 erroribus
705 2544 867 2617 scateant,
888 2532 1028 2601 eandem
1046 2535 1230 2600 versionem
1249 2534 1415 2599 exhibent.

416 2742 500 2847 Cap.
519 2740 578 2808 Vl.
616 2742 691 2830 Syr.
708 2741 824 2808 Curet.
841 2765 883 2808 ex
901 2740 965 2808 hoc
979 2740 1089 2832 capite
1103 2738 1183 2808 nihil
1197 2740 1310 2826 habet,
1331 2741 1392 2807 nisi
1407 2741 1508 2807 verba

337 2877 355 2946 ὁ
373 2877 502 2953 τοκειός
518 2905 573 2963 μοι
590 2881 750 2946 ἐπίκειται
769 2878 836 2947 »λλ
849 2898 957 2979 μω
970 2872 1089 2979 ibon}
1103 2870 1194 2964 isa),
1213 2881 1270 2946 ubi
1284 2879 1508 2969 fragmentum

337 3007 370 3071 p.
384 2985 470 3067 961,
489 2982 572 3048 llll
591 2981 659 3050 Δὶ
674 2982 758 3050 false
772 2981 948 3051 omittit'et
966 3007 1027 3073 pro
1045 2976 1151 3082 Ιρο»
1170 2984 1304 3050 exhibet
1320 2976 1422 3068 lim,
1442 3005 1509 3070 qua

337 3121 370 3185 in
396 3144 433 3186 re
458 3120 602 3209 scriptor
627 3120 769 3188 fortasse
794 3121 905 3188 locum
935 3146 984 3211 ps.
1009 3123 1067 3206 18,
1096 3124 1116 3187 5
1150 3122 1286 3221 eucig..
1308 3113 1408 3206 lion)
1433 3109 1509 3198 lssu

338 3224 496 3288 memoria
516 3225 642 3303 tenuit3
669 3225 879 3290 nihilominus
898 3235 1008 3292 tamen
1022 3223 1245 3314 fragmentum
1263 3236 1390 3292 textum
1409 3247 1508 3316 grae-

337 3349 412 3391 cum
432 3325 590 3391 minorem
614 3325 744 3409 reddit,
770 3339 929 3415 recteque
959 3327 1067 3394 eidem
1091 3331 1243 3396 versione
1268 3327 1509 3396 accensendum

338 3439 401 3512 est,
428 3452 527 3516 quam
554 3429 688 3494 exhibet
706 3431 781 3519 Syr.
803 3431 933 3513 Curet,
966 3454 1067 3518 quum
1095 3431 1166 3521 jam
1197 3457 1298 3522 supra
1329 3433 1509 3500 viderimus

338 3533 449 3598 omnia
467 3535 528 3598 sub
546 3534 591 3598 H.
613 3533 714 3600 allata
733 3558 752 3600 a
772 3536 888 3601 Curet.
915 3533 1103 3624 fragmenta
1134 3537 1177 3602 ad
1208 3537 1293 3604 hanc
1324 3538 1509 3604 versionem

338 3637 516 3725 pertinere.
573 3638 701 3712 Quodsi
721 3661 799 3705 vero
813 3637 948 3728 Lipsius
967 3663 1008 3706 ex
1024 3639 1088 3705 hoc
1105 3637 1292 3730 fragmento
1311 3640 1508 3730 particulam

338 3743 424 3829 Syro
443 3764 504 3806 suo
523 3742 649 3826 inserit,
669 3765 730 3830 pro
745 3743 883 3809 arbitrio
902 3744 984 3832 agit,
1000 3743 1142 3831 primum
1155 3746 1242 3811 enim
1256 3745 1320 3811 hoc
1334 3746 1404 3834 ipso
1419 3743 1507 3809 facto

339 3845 415 3932 Syri
434 3846 552 3910 Curet.
572 3847 798 3935 integritatem
817 3857 932 3934 negat,
952 3857 1021 3911 tum
1040 3847 1067 3910 si
1085 3846 1182 3936 hujus
1196 3849 1376 3938 fragmenti
1394 3857 1510 3914 aucto-

338 3948 439 4012 ritate
456 3949 552 4012 nixus
571 3948 679 4014 locum
697 3949 824 4031 inserit,
840 3948 989 4036 ejusdem
1004 3948 1181 4039 fragmenti
1196 3953 1396 4019 auctoritate
1413 3953 1509 4016 nixus

339 4050 456 4138 capitis
470 4051 512 4117 V.
532 4052 659 4117 initium
678 4053 711 4116 in
729 4050 919 4141 fragmento
938 4052 1094 4118 omissum
1112 4064 1223 4142 potest
1241 4053 1431 4136 extrudere,
1451 4054 1509 4118 de-

337 4155 439 4242 nique
464 4154 545 4219 nihil
572 4155 677 4243 magis
703 4164 913 4242 potestesse
939 4154 1086 4242 dubium,
1113 4181 1211 4244 quam
1236 4157 1417 4225 secundum
1443 4155 1509 4220 fra-

338 4268 474 4346 gmenta
493 4256 617 4323 addere
635 4267 693 4322 aut
717 4258 889 4336 omittere3
917 4258 952 4324 id
971 4259 1060 4347 quod
1087 4284 1105 4326 e
1129 4272 1248 4327 natura
1274 4263 1322 4327 rei
1347 4259 1507 4344 sequitur.

339 4363 473 4425 Armen.
493 4360 557 4426 hoc
574 4359 933 4448 fragmentum'vertit3
957 4361 1028 4453 jam
1046 4364 1288 4431 Petermannus
1307 4359 1509 4450 conjecerat,

339 4462 530 4529 Armenium
550 4463 674 4552 legisse
690 4455 792 4550 lxxix,
812 4463 847 4529 id
865 4466 957 4553 quod
975 4465 1119 4557 fragmto
1138 4469 1386 4557 comprobatur.
1439 4463 1510 4527 Pro

337 4560 414 4647 lm
437 4567 520 4632 fines
545 4565 641 4658 (Lat.
663 4573 693 4632 A
717 4568 866 4653 termini,
900 4572 1024 4636 Graec.
1044 4574 1075 4637 B
1092 4570 1240 4664 πέρατα)
1272 4571 1363 4638 Arm.
1396 4566 1512 4632 scribit

339 4670 498 4756 thesauri,
516 4669 658 4738 fortasse
682 4672 767 4763 legit
790 4663 872 4772 lp&
898 4683 956 4740 aut
980 4673 1160 4742 secundum
1185 4678 1307 4744 Graec.
1328 4676 1360 4739 Α
1384 4669 1511 4760 τερπνὰ
