3500 5525
876 560 925 626 66

798 666 1002 677 —-——-—

316 793 356 881 ltl
377 804 515 871 amno
536 794 632 882 limo.
653 814 716 884 m
731 793 872 881 boor&
895 798 938 867 cl.
956 800 1057 867 Rom.
1079 801 1113 865 5.
1158 801 1248 866 Arm.
1268 800 1296 865 A
1316 798 1414 888 Syria
1432 820 1488 864 us-

318 928 383 993 que
400 906 544 971 Romam
561 928 638 971 cum
653 906 769 970 bestiis
786 926 913 993 pugno.
944 906 1041 969 Haec
1063 903 1168 992 igitur
1186 902 1325 992 epistola
1342 911 1414 968 tota
1433 924 1487 991 sy·

317 1010 409 1075 riace
430 1030 527 1075 versa
551 1007 684 1074 ridetur
706 1006 819 1092 luisse,
844 1006 934 1082 unde
965 1030 1030 1074 non
1062 1008 1133 1073 sine
1164 1006 1306 1073 maxima
1337 1006 1487 1072 veritatis

317 1113 429 1201 specie
446 1112 574 1201 opinari
591 1112 681 1195 licet,
700 1112 844 1199 reliquas
862 1134 997 1199 quoque
1023 1120 1166 1199 quatuor
1185 1109 1229 1177 ad
1246 1110 1385 1175 Mariam
1404 1109 1487 1175 Ces-

318 1216 438 1296 sobol.‚
458 1214 502 1281 ad
518 1217 702 1299 Heronem,
722 1215 766 1281 ad
783 1214 1019 1296 Antiochenos,
1046 1212 1090 1279 ad
1107 1212 1339 1303 Philippenses
1358 1213 1487 1302 syriace

317 1318 466 1385 redditas
484 1342 569 1387 esse.
614 1320 712 1385 Haec
736 1341 816 1385 rero
834 1319 944 1385 versio
968 1319 995 1383 si
1013 1315 1145 1383 omnino
1164 1316 1274 1382 eloco
1293 1316 1485 1382 brevissimo

314 1421 477 1512 judicium
494 1421 582 1488 ferre
605 1444 779 1510 possumus
804 1444 870 1487 non
893 1420 1010 1488 iisdem
1034 1420 1113 1486 viris
1145 1406 1286 1486 debetur
1317 1442 1337 1485 a
1369 1420 1487 1508 quibus

319 1526 427 1593 versio
445 1527 521 1616 Syr.
540 1526 657 1592 Curet.
678 1536 713 1591 et
729 1528 844 1593 Serer.
865 1535 917 1593 est
934 1524 1127 1613 composita.
1171 1523 1260 1590 Nam
1278 1546 1342 1588 rox
1367 1526 1486 1600 δοκεῖν,

318 1652 418 1717 quam
436 1630 513 1718 Syr.
533 1630 649 1697 Curet.
668 1628 744 1695 Pol.
765 1630 800 1712 3,
821 1628 907 1695 Trll.
932 1630 990 1711 10,
1012 1626 1111 1717 frgm.
1131 1650 1164 1715 p.
1186 1629 1273 1707 200,
1291 1626 1314 1691 l.
1338 1627 1397 1709 18,
1417 1626 1486 1690 Sm.

320 1730 461 1821 dlrgm.
480 1756 513 1820 p.
533 1732 661 1813 202,1.
682 1734 705 1797 4
724 1733 825 1798 vertit
841 1751 884 1811 ‘02
903 1724 988 1807 nm!
1006 1741 1040 1797 et
1061 1722 1262 1813 Ιῐωὶὲὣ),
1282 1752 1380 1817 quam
1398 1751 1485 1795 vers.

320 1836 435 1902 Sarer.
455 1834 541 1902 Trll.
554 1837 600 1901 10
618 1834 718 1923 lrgm.
737 1837 869 1923 pult,
889 1834 912 1900 l.
930 1837 951 1901 6
971 1834 1125 1923 exprimit
1141 1825 1313 1916 llam,
1334 1834 1367 1897 in
1385 1830 1484 1922 lrgm.

319 1963 372 2027 ep.
392 1939 436 2004 ad
455 1938 555 2004 'Pars
576 1942 611 2022 2,
629 1962 663 2027 p.
684 1939 759 2004 364
778 1939 920 2005 vertitur
936 1930 1108 2060 llQor.
1155 1938 1266 2012 Quum
1283 1958 1364 2001 rero
1382 1936 1415 2001 in
1434 1958 1487 2001 re-

319 2045 381 2109 bus
411 2042 611 2131 dogmaticis
636 2064 715 2107 usus
739 2043 919 2108 verborum
948 2043 1061 2107 firmus
1092 2040 1199 2107 soleat
1229 2063 1314 2123 esse,
1346 2062 1412 2106 non
1444 2038 1488 2105 ad
1555 2078 1558 2083 -

318 2143 460 2211 eundem
478 2145 687 2233 scriptorem,
713 2170 732 2211 a
751 2168 818 2233 quo
835 2144 985 2234 profecta
1004 2154 1055 2211 est
1074 2144 1181 2210 versio
1199 2144 1275 2231 Syri
1294 2144 1409 2209 Curet.
1429 2154 1487 2208 aut

319 2249 510 2330 Severiana,
525 2248 590 2314 hoc
602 2247 825 2337 fragmentum
838 2249 971 2315 ridetur
984 2246 1206 2315 referendum.
1235 2245 1288 2312 Ol.
1306 2247 1485 2335 epilogum.

395 2351 581 2439 Postquam
599 2352 647 2417 sic
660 2352 746 2441 Syro
760 2353 987 2418 Curetoniano
1006 2361 1040 2418 et
1057 2349 1245 2440 fragmenta
1260 2349 1398 2415 aliarum
1417 2350 1487 2438 epi-

318 2455 477 2522 stolarum
496 2456 719 2536 attribuimus,
745 2456 831 2519 etin
848 2454 1044 2544 fragmentis
1070 2454 1148 2543 ipsis
1174 2452 1338 2542 duplicem
1365 2454 1488 2519 versio-

318 2582 393 2625 nem
412 2558 631 2641 distinximus,
650 2557 694 2623 ad
712 2558 919 2646 propositum
937 2557 1176 2647 perficiendum
1200 2557 1279 2622 nihil
1298 2556 1406 2640 deest,
1424 2557 1487 2623 nisi

317 2672 355 2727 ut
373 2684 557 2728 connexum
579 2671 692 2727 textus
715 2662 836 2749 syriaci
854 2685 929 2750 epp.
957 2660 1000 2727 ad
1024 2660 1141 2749 Polyc.
1166 2660 1253 2749 Eph.
1280 2660 1380 2727 Rom.
1409 2684 1487 2727 exa-

318 2767 490 2850 minemus,
510 2787 576 2854 qua
594 2766 628 2830 in
645 2789 683 2832 re
701 2765 889 2850 vidibimus,
915 2776 1044 2832 textum
1071 2762 1162 2830 illum
1187 2787 1260 2830 esse
1278 2787 1430 2831 mancum
1448 2787 1488 2831 ac

320 2869 517 2958 disruptum,
536 2870 583 2935 ita
601 2879 640 2936 ut
656 2868 716 2936 tali
734 2869 834 2936 modo
849 2870 960 2958 opinio
975 2879 1089 2936 nostra
1108 2867 1151 2936 de
1166 2869 1324 2934 versionis
1338 2869 1489 2957 syriacae

318 2973 430 3039 indole
447 2995 513 3038 non
531 2973 676 3040 externis
693 2972 800 3039 solum
821 2997 934 3040 rerum
962 2984 997 3040 et
1019 2973 1154 3039 internis
1179 2972 1384 3061 argumentis
1409 2994 1488 3037 con-

317 3077 478 3143 firmetur.

709 3325 858 3410 Caput
883 3330 1097 3408 quintmn.

374 3444 427 3542 llo
456 3444 556 3542 locis
588 3445 631 3542 in
662 3445 893 3542 recensione
925 3444 1084 3567 syriaca
1114 3445 1274 3544 anissis
1306 3445 1431 3570 deque

469 3600 719 3714 lectionibus,
751 3601 897 3726 quitus
928 3627 953 3696 a
989 3626 1135 3724 greces
1154 3597 1335 3720 precedat.

395 3798 651 3885 Argumentum,
684 3795 775 3884 quod
805 3797 912 3885 primo
945 3799 1065 3864 obtutu
1088 3798 1318 3886 gravissimum
1344 3797 1487 3883 ridetur,

318 3925 380 3990 pro
398 3900 548 3988 syriacae
566 3899 768 3966 recensionis
787 3900 959 3966 authentis
973 3900 1174 3968 Curetonius
1188 3902 1338 3990 protulit,
1357 3902 1486 3968 Introd.

318 4029 351 4093 p.
370 4002 472 4068 XLII
489 4001 615 4085 dicens,
632 4003 796 4090 syriacam
814 4026 890 4091 epp.
910 4003 1000 4092 lgnt.
1020 4003 1161 4070 formam
1174 4029 1214 4070 ea
1228 4027 1265 4070 re
1278 4027 1488 4092 summopere

318 4105 554 4188 commendari,
580 4105 670 4193 quod
688 4104 840 4193 singulae
864 4107 1049 4173 sententiae
1067 4108 1191 4196 optime
1208 4108 1294 4174 inter
1312 4131 1349 4173 se
1367 4107 1488 4174 cohae-

317 4220 426 4292 reant,
450 4210 600 4298 quamvis
617 4218 669 4275 tot
684 4209 750 4274 loci
768 4207 834 4274 sint
850 4211 973 4277 omissi.
1020 4211 1089 4278 Sed
1113 4210 1210 4300 hujus
1229 4212 1418 4302 argumenti
1438 4211 1487 4274 ris

318 4337 385 4380 non
400 4323 470 4378 tam
487 4323 539 4379 est
556 4335 690 4402 magna,
717 4333 816 4399 quem
841 4313 898 4381 ille
922 4314 1005 4400 vult,
1033 4339 1110 4382 nam
1127 4315 1183 4402 qui
1201 4314 1319 4380 librum
1339 4311 1488 4399 excerpit

317 4439 439 4484 nexum
456 4426 491 4482 et
513 4417 547 4482 in
572 4424 730 4504 excerpto
756 4414 857 4484 debet
880 4442 1027 4504 serrare,
1060 4417 1151 4508 quod
1174 4419 1202 4483 si
1224 4441 1291 4484 non
1314 4415 1394 4482 lacit
1416 4437 1488 4482 rem

318 4542 413 4586 suam
429 4518 516 4586 male
534 4519 686 4585 instituit.
721 4520 817 4586 Sicut
829 4521 864 4588 in
877 4523 1030 4613 longiore
1043 4521 1235 4588 recensione
1254 4519 1487 4587 additamentis

320 4646 424 4690 nexus
440 4621 634 4712 neutiquam
651 4633 702 4690 est
719 4633 848 4713 ruptus,
867 4627 917 4694 sic
935 4637 970 4696 et
988 4627 1020 4694 in
1040 4626 1231 4694 recensione
1249 4625 1390 4716 syriaca,
1411 4623 1489 4692 licet
