<?xml version="1.0" encoding="UTF-8"?>
<!DOCTYPE html PUBLIC "-//W3C//DTD XHTML 1.0 Transitional//EN"
    "http://www.w3.org/TR/xhtml1/DTD/xhtml1-transitional.dtd">
<html xmlns="http://www.w3.org/1999/xhtml" xml:lang="en" lang="en">
 <head>
  <title>
</title>
<meta http-equiv="Content-Type" content="text/html;charset=utf-8" />
  <meta name='ocr-system' content='tesseract 3.04.00' />
  <meta name='ocr-capabilities' content='ocr_page ocr_carea ocr_par ocr_line ocrx_word'/>
</head>
<body>
  <div class='ocr_page' id='page_1' title='image "./meletemataignat00merxgoog_0088.png"; bbox 0 0 3500 5525; ppageno 0'>
   <div class='ocr_carea' id='block_1_1' title="bbox 938 556 986 622">
    <p class='ocr_par' dir='ltr' id='par_1_1' title="bbox 938 556 986 622">
     <span class='ocr_line' id='line_1_1' title="bbox 938 556 986 622; baseline -0.021 0"><span class='ocrx_word' id='word_1_1' title='bbox 938 556 986 622; x_wconf 82' lang='lat'><strong>80</strong></span> 
     </span>
    </p>
   </div>
   <div class='ocr_carea' id='block_1_2' title="bbox 285 786 1547 2540">
    <p class='ocr_par' dir='ltr' id='par_1_2' title="bbox 377 786 1546 1712">
     <span class='ocr_line' id='line_1_2' title="bbox 377 786 1546 878; baseline -0.003 -15"><span class='ocrx_word' id='word_1_2' title='bbox 377 797 489 863; x_wconf 81' lang='lat' dir='ltr'>reddit</span> <span class='ocrx_word' id='word_1_3' title='bbox 510 789 550 876; x_wconf 76' lang='lat' dir='ltr'><strong>bl</strong></span> <span class='ocrx_word' id='word_1_4' title='bbox 566 789 735 878; x_wconf 56' lang='grc'><strong>1911101..</strong></span> <span class='ocrx_word' id='word_1_5' title='bbox 755 799 825 864; x_wconf 64' lang='lat' dir='ltr'><strong>bo</strong></span> <span class='ocrx_word' id='word_1_6' title='bbox 843 797 944 861; x_wconf 88' lang='lat' dir='ltr'><strong>Rom.</strong></span> <span class='ocrx_word' id='word_1_7' title='bbox 967 797 987 860; x_wconf 88' lang='lat'>5</span> <span class='ocrx_word' id='word_1_8' title='bbox 1013 795 1128 861; x_wconf 88' lang='lat' dir='ltr'><strong>vertit:</strong></span> <span class='ocrx_word' id='word_1_9' title='bbox 1155 786 1270 869; x_wconf 59' lang='lat' dir='ltr'><strong>abal-l</strong></span> <span class='ocrx_word' id='word_1_10' title='bbox 1292 786 1387 874; x_wconf 60' lang='lat' dir='ltr'><strong>llus.</strong></span> <span class='ocrx_word' id='word_1_11' title='bbox 1412 808 1483 877; x_wconf 64' lang='lat' dir='ltr'><strong>tos,</strong></span> <span class='ocrx_word' id='word_1_12' title='bbox 1511 804 1546 859; x_wconf 92' lang='lat' dir='ltr'><strong>ut</strong></span> 
     </span>
     <span class='ocr_line' id='line_1_3' title="bbox 379 898 1545 987; baseline -0.003 -21"><span class='ocrx_word' id='word_1_13' title='bbox 379 925 444 967; x_wconf 88' lang='lat' dir='ltr'><strong>vrs.</strong></span> <span class='ocrx_word' id='word_1_14' title='bbox 466 902 644 966; x_wconf 90' lang='lat' dir='ltr'><strong>Severiana</strong></span> <span class='ocrx_word' id='word_1_15' title='bbox 664 900 737 966; x_wconf 78' lang='lat' dir='ltr'><strong>Trl.</strong></span> <span class='ocrx_word' id='word_1_16' title='bbox 762 902 822 982; x_wconf 87' lang='lat'><strong>10,</strong></span> <span class='ocrx_word' id='word_1_17' title='bbox 842 900 958 965; x_wconf 85' lang='lat' dir='ltr'><strong>Curet.</strong></span> <span class='ocrx_word' id='word_1_18' title='bbox 979 923 1011 987; x_wconf 91' lang='lat' dir='ltr'><strong>p.</strong></span> <span class='ocrx_word' id='word_1_19' title='bbox 1024 900 1110 982; x_wconf 65' lang='grc'><strong>114,</strong></span> <span class='ocrx_word' id='word_1_20' title='bbox 1130 898 1151 964; x_wconf 94' lang='lat' dir='ltr'><strong>l.</strong></span> <span class='ocrx_word' id='word_1_21' title='bbox 1165 902 1197 963; x_wconf 86' lang='lat'><strong>7.</strong></span> <span class='ocrx_word' id='word_1_22' title='bbox 1240 900 1276 963; x_wconf 88' lang='lat' dir='ltr'><strong>Si</strong></span> <span class='ocrx_word' id='word_1_23' title='bbox 1294 898 1398 987; x_wconf 83' lang='lat' dir='ltr'><strong>igitur</strong></span> <span class='ocrx_word' id='word_1_24' title='bbox 1416 899 1545 963; x_wconf 91' lang='lat' dir='ltr'><strong>omnino</strong></span> 
     </span>
     <span class='ocr_line' id='line_1_4' title="bbox 378 1000 1546 1091; baseline -0.003 -21"><span class='ocrx_word' id='word_1_25' title='bbox 378 1014 486 1070; x_wconf 86' lang='lat' dir='ltr'><strong>etam</strong></span> <span class='ocrx_word' id='word_1_26' title='bbox 503 1006 658 1071; x_wconf 88' lang='lat' dir='ltr'><strong>brevibus</strong></span> <span class='ocrx_word' id='word_1_27' title='bbox 682 1004 764 1069; x_wconf 87' lang='lat' dir='ltr'><strong>locis</strong></span> <span class='ocrx_word' id='word_1_28' title='bbox 784 1002 947 1091; x_wconf 90' lang='lat' dir='ltr'><strong>judicium</strong></span> <span class='ocrx_word' id='word_1_29' title='bbox 972 1000 1042 1066; x_wconf 86' lang='lat' dir='ltr'><strong>fere</strong></span> <span class='ocrx_word' id='word_1_30' title='bbox 1067 1000 1155 1083; x_wconf 90' lang='lat' dir='ltr'><strong>licet,</strong></span> <span class='ocrx_word' id='word_1_31' title='bbox 1183 1001 1266 1066; x_wconf 90' lang='lat' dir='ltr'><strong>haec</strong></span> <span class='ocrx_word' id='word_1_32' title='bbox 1290 1000 1477 1090; x_wconf 79' lang='lat' dir='ltr'><strong>fragmenta</strong></span> <span class='ocrx_word' id='word_1_33' title='bbox 1504 1001 1546 1067; x_wconf 91' lang='lat' dir='ltr'><strong>ad</strong></span> 
     </span>
     <span class='ocr_line' id='line_1_5' title="bbox 377 1106 1546 1195; baseline -0.004 -21"><span class='ocrx_word' id='word_1_34' title='bbox 377 1108 512 1174; x_wconf 83' lang='lat' dir='ltr'><strong>tertiam</strong></span> <span class='ocrx_word' id='word_1_35' title='bbox 544 1109 728 1175; x_wconf 78' lang='lat' dir='ltr'><strong>versionem</strong></span> <span class='ocrx_word' id='word_1_36' title='bbox 754 1107 922 1195; x_wconf 88' lang='lat' dir='ltr'><strong>pertinere</strong></span> <span class='ocrx_word' id='word_1_37' title='bbox 945 1106 1161 1193; x_wconf 84' lang='lat' dir='ltr'><strong>suspicamur,</strong></span> <span class='ocrx_word' id='word_1_38' title='bbox 1195 1127 1294 1192; x_wconf 89' lang='lat' dir='ltr'><strong>quam</strong></span> <span class='ocrx_word' id='word_1_39' title='bbox 1325 1106 1366 1170; x_wconf 90' lang='lat' dir='ltr'><strong>ab</strong></span> <span class='ocrx_word' id='word_1_40' title='bbox 1392 1106 1546 1170; x_wconf 86' lang='lat' dir='ltr'><strong>Armenio</strong></span> 
     </span>
     <span class='ocr_line' id='line_1_6' title="bbox 377 1209 1544 1296; baseline -0.004 -20"><span class='ocrx_word' id='word_1_41' title='bbox 377 1210 543 1277; x_wconf 82' lang='lat' dir='ltr'><strong>redditam</strong></span> <span class='ocrx_word' id='word_1_42' title='bbox 563 1234 636 1277; x_wconf 89' lang='lat' dir='ltr'><strong>esse</strong></span> <span class='ocrx_word' id='word_1_43' title='bbox 653 1222 724 1276; x_wconf 94' lang='lat' dir='ltr'><strong>tum</strong></span> <span class='ocrx_word' id='word_1_44' title='bbox 743 1232 809 1275; x_wconf 92' lang='lat' dir='ltr'><strong>non</strong></span> <span class='ocrx_word' id='word_1_45' title='bbox 827 1210 897 1275; x_wconf 91' lang='lat' dir='ltr'><strong>sine</strong></span> <span class='ocrx_word' id='word_1_46' title='bbox 916 1210 1026 1296; x_wconf 88' lang='lat' dir='ltr'><strong>specie</strong></span> <span class='ocrx_word' id='word_1_47' title='bbox 1044 1209 1193 1274; x_wconf 86' lang='lat' dir='ltr'><strong>veritatis</strong></span> <span class='ocrx_word' id='word_1_48' title='bbox 1212 1209 1322 1295; x_wconf 91' lang='lat' dir='ltr'><strong>putari</strong></span> <span class='ocrx_word' id='word_1_49' title='bbox 1340 1218 1462 1296; x_wconf 90' lang='lat' dir='ltr'><strong>potest,</strong></span> <span class='ocrx_word' id='word_1_50' title='bbox 1491 1231 1544 1272; x_wconf 90' lang='lat' dir='ltr'><strong>vo-</strong></span> 
     </span>
     <span class='ocr_line' id='line_1_7' title="bbox 378 1311 1545 1400; baseline -0.005 -20"><span class='ocrx_word' id='word_1_51' title='bbox 378 1338 451 1380; x_wconf 88' lang='lat' dir='ltr'><strong>cem</strong></span> <span class='ocrx_word' id='word_1_52' title='bbox 472 1322 689 1399; x_wconf 71' lang='grc' dir='ltr'><em>θηριομαχεῖν</em></span> <span class='ocrx_word' id='word_1_53' title='bbox 714 1315 801 1379; x_wconf 89' lang='lat' dir='ltr'><strong>enim</strong></span> <span class='ocrx_word' id='word_1_54' title='bbox 824 1323 862 1378; x_wconf 93' lang='lat' dir='ltr'><strong>ut</strong></span> <span class='ocrx_word' id='word_1_55' title='bbox 879 1311 999 1400; x_wconf 82' lang='lat' dir='ltr'><strong>fragm.</strong></span> <span class='ocrx_word' id='word_1_56' title='bbox 1027 1314 1125 1377; x_wconf 85' lang='lat' dir='ltr'><strong>vertit</strong></span> <span class='ocrx_word' id='word_1_57' title='bbox 1143 1335 1243 1394; x_wconf 91' lang='lat' dir='ltr'><strong>„cum</strong></span> <span class='ocrx_word' id='word_1_58' title='bbox 1264 1312 1375 1377; x_wconf 89' lang='lat' dir='ltr'><strong>bestiis</strong></span> <span class='ocrx_word' id='word_1_59' title='bbox 1394 1316 1545 1400; x_wconf 82' lang='lat' dir='ltr'><strong>pugno,“</strong></span> 
     </span>
     <span class='ocr_line' id='line_1_8' title="bbox 379 1415 1545 1505; baseline -0.003 -22"><span class='ocrx_word' id='word_1_60' title='bbox 379 1418 528 1505; x_wconf 86' lang='lat' dir='ltr'><strong>quamvis</strong></span> <span class='ocrx_word' id='word_1_61' title='bbox 539 1418 611 1483; x_wconf 90' lang='lat' dir='ltr'><strong>alio</strong></span> <span class='ocrx_word' id='word_1_62' title='bbox 630 1417 705 1483; x_wconf 92' lang='lat' dir='ltr'><strong>loco</strong></span> <span class='ocrx_word' id='word_1_63' title='bbox 731 1442 750 1482; x_wconf 92' lang='lat' dir='ltr'><strong>a</strong></span> <span class='ocrx_word' id='word_1_64' title='bbox 773 1416 962 1505; x_wconf 82' lang='lat' dir='ltr'><strong>fragmento</strong></span> <span class='ocrx_word' id='word_1_65' title='bbox 987 1415 1134 1481; x_wconf 89' lang='lat' dir='ltr'><strong>recedat.</strong></span> <span class='ocrx_word' id='word_1_66' title='bbox 1190 1415 1308 1480; x_wconf 81' lang='lat' dir='ltr'><strong>&#39;I&#39;ertia</strong></span> <span class='ocrx_word' id='word_1_67' title='bbox 1334 1415 1416 1479; x_wconf 91' lang='lat' dir='ltr'><strong>haec</strong></span> <span class='ocrx_word' id='word_1_68' title='bbox 1440 1415 1545 1479; x_wconf 88' lang='lat' dir='ltr'><strong>versio</strong></span> 
     </span>
     <span class='ocr_line' id='line_1_9' title="bbox 378 1518 1545 1607; baseline -0.004 -20"><span class='ocrx_word' id='word_1_69' title='bbox 378 1533 450 1587; x_wconf 92' lang='lat' dir='ltr'><strong>tum</strong></span> <span class='ocrx_word' id='word_1_70' title='bbox 468 1532 546 1587; x_wconf 88' lang='lat' dir='ltr'><strong>ante</strong></span> <span class='ocrx_word' id='word_1_71' title='bbox 563 1522 792 1586; x_wconf 79' lang='lat' dir='ltr'><strong>Armeniacam</strong></span> <span class='ocrx_word' id='word_1_72' title='bbox 811 1520 912 1585; x_wconf 93' lang='lat' dir='ltr'><strong>debet</strong></span> <span class='ocrx_word' id='word_1_73' title='bbox 930 1519 1051 1607; x_wconf 90' lang='lat' dir='ltr'><strong>scripta</strong></span> <span class='ocrx_word' id='word_1_74' title='bbox 1071 1542 1155 1601; x_wconf 89' lang='lat' dir='ltr'><strong>esse,</strong></span> <span class='ocrx_word' id='word_1_75' title='bbox 1176 1540 1261 1605; x_wconf 88' lang='lat' dir='ltr'><strong>quae</strong></span> <span class='ocrx_word' id='word_1_76' title='bbox 1280 1518 1414 1583; x_wconf 86' lang='lat' dir='ltr'><strong>saeculo</strong></span> <span class='ocrx_word' id='word_1_77' title='bbox 1433 1518 1545 1605; x_wconf 87' lang='lat' dir='ltr'><strong>quinto</strong></span> 
     </span>
     <span class='ocr_line' id='line_1_10' title="bbox 379 1624 804 1712; baseline -0.007 -22"><span class='ocrx_word' id='word_1_78' title='bbox 379 1625 561 1712; x_wconf 90' lang='lat' dir='ltr'><strong>composita</strong></span> <span class='ocrx_word' id='word_1_79' title='bbox 581 1648 654 1689; x_wconf 90' lang='lat' dir='ltr'><strong>esse</strong></span> <span class='ocrx_word' id='word_1_80' title='bbox 672 1624 804 1688; x_wconf 91' lang='lat' dir='ltr'><strong>dicitur.</strong></span> 
     </span>
    </p>

    <p class='ocr_par' dir='ltr' id='par_1_3' title="bbox 285 1723 1547 2540">
     <span class='ocr_line' id='line_1_11' title="bbox 456 1723 1546 1815; baseline -0.002 -24"><span class='ocrx_word' id='word_1_81' title='bbox 456 1727 612 1814; x_wconf 86' lang='lat' dir='ltr'><strong>Denique</strong></span> <span class='ocrx_word' id='word_1_82' title='bbox 630 1727 721 1815; x_wconf 90' lang='lat' dir='ltr'><strong>quod</strong></span> <span class='ocrx_word' id='word_1_83' title='bbox 739 1726 867 1792; x_wconf 88' lang='lat' dir='ltr'><strong>adtinet</strong></span> <span class='ocrx_word' id='word_1_84' title='bbox 892 1724 934 1791; x_wconf 93' lang='lat' dir='ltr'><strong>ad</strong></span> <span class='ocrx_word' id='word_1_85' title='bbox 952 1724 1091 1790; x_wconf 86' lang='lat' dir='ltr'><strong>formam</strong></span> <span class='ocrx_word' id='word_1_86' title='bbox 1111 1748 1186 1812; x_wconf 88' lang='lat' dir='ltr'><strong>epp.</strong></span> <span class='ocrx_word' id='word_1_87' title='bbox 1215 1723 1258 1789; x_wconf 92' lang='lat' dir='ltr'><strong>ad</strong></span> <span class='ocrx_word' id='word_1_88' title='bbox 1275 1724 1350 1789; x_wconf 92' lang='lat' dir='ltr'><strong>Pol.</strong></span> <span class='ocrx_word' id='word_1_89' title='bbox 1370 1723 1457 1812; x_wconf 89' lang='lat' dir='ltr'><strong>Eph.</strong></span> <span class='ocrx_word' id='word_1_90' title='bbox 1477 1724 1546 1789; x_wconf 88' lang='lat' dir='ltr'><strong>Ro-</strong></span> 
     </span>
     <span class='ocr_line' id='line_1_12' title="bbox 379 1826 1545 1917; baseline -0.003 -21"><span class='ocrx_word' id='word_1_91' title='bbox 379 1854 506 1915; x_wconf 88' lang='lat' dir='ltr'><strong>manos,</strong></span> <span class='ocrx_word' id='word_1_92' title='bbox 525 1830 666 1895; x_wconf 93' lang='lat' dir='ltr'><strong>vidimus</strong></span> <span class='ocrx_word' id='word_1_93' title='bbox 685 1854 759 1895; x_wconf 89' lang='lat' dir='ltr'><strong>eam</strong></span> <span class='ocrx_word' id='word_1_94' title='bbox 775 1852 841 1895; x_wconf 92' lang='lat' dir='ltr'><strong>non</strong></span> <span class='ocrx_word' id='word_1_95' title='bbox 860 1851 934 1896; x_wconf 89' lang='lat' dir='ltr'><strong>esse</strong></span> <span class='ocrx_word' id='word_1_96' title='bbox 953 1828 1161 1917; x_wconf 86' lang='lat' dir='ltr'><strong>originalem,</strong></span> <span class='ocrx_word' id='word_1_97' title='bbox 1177 1850 1276 1915; x_wconf 91' lang='lat' dir='ltr'><strong>quum</strong></span> <span class='ocrx_word' id='word_1_98' title='bbox 1292 1826 1382 1915; x_wconf 85' lang='lat' dir='ltr'><strong>quod</strong></span> <span class='ocrx_word' id='word_1_99' title='bbox 1395 1848 1499 1892; x_wconf 82' lang='lat' dir='ltr'><strong>nexus</strong></span> <span class='ocrx_word' id='word_1_100' title='bbox 1513 1828 1545 1892; x_wconf 92' lang='lat' dir='ltr'><strong>in</strong></span> 
     </span>
     <span class='ocr_line' id='line_1_13' title="bbox 378 1928 1546 2021; baseline -0.003 -21"><span class='ocrx_word' id='word_1_101' title='bbox 378 1937 418 2001; x_wconf 90' lang='lat' dir='ltr'><strong>iis</strong></span> <span class='ocrx_word' id='word_1_102' title='bbox 436 1958 503 1999; x_wconf 93' lang='lat' dir='ltr'><strong>non</strong></span> <span class='ocrx_word' id='word_1_103' title='bbox 521 1943 573 1999; x_wconf 88' lang='lat' dir='ltr'><strong>est</strong></span> <span class='ocrx_word' id='word_1_104' title='bbox 590 1935 780 2018; x_wconf 85' lang='lat' dir='ltr'><strong>concinnus,</strong></span> <span class='ocrx_word' id='word_1_105' title='bbox 808 1944 879 1998; x_wconf 92' lang='lat' dir='ltr'><strong>tum</strong></span> <span class='ocrx_word' id='word_1_106' title='bbox 905 1931 995 2019; x_wconf 88' lang='lat' dir='ltr'><strong>quod</strong></span> <span class='ocrx_word' id='word_1_107' title='bbox 1013 1933 1123 2021; x_wconf 87' lang='lat' dir='ltr'><strong>capita</strong></span> <span class='ocrx_word' id='word_1_108' title='bbox 1146 1932 1179 1995; x_wconf 92' lang='lat' dir='ltr'><strong>in</strong></span> <span class='ocrx_word' id='word_1_109' title='bbox 1205 1932 1244 1996; x_wconf 90' lang='lat' dir='ltr'><strong>iis</strong></span> <span class='ocrx_word' id='word_1_110' title='bbox 1271 1932 1403 2013; x_wconf 91' lang='lat' dir='ltr'><strong>omissa,</strong></span> <span class='ocrx_word' id='word_1_111' title='bbox 1431 1932 1464 1995; x_wconf 92' lang='lat' dir='ltr'><strong>in</strong></span> <span class='ocrx_word' id='word_1_112' title='bbox 1481 1928 1546 1997; x_wconf 83' lang='lat' dir='ltr'><strong>fra-</strong></span> 
     </span>
     <span class='ocr_line' id='line_1_14' title="bbox 378 2034 1547 2127; baseline -0.003 -24"><span class='ocrx_word' id='word_1_113' title='bbox 378 2038 522 2127; x_wconf 83' lang='lat' dir='ltr'><strong>gmentis</strong></span> <span class='ocrx_word' id='word_1_114' title='bbox 540 2037 712 2121; x_wconf 89' lang='lat' dir='ltr'><strong>habemus,</strong></span> <span class='ocrx_word' id='word_1_115' title='bbox 739 2060 825 2123; x_wconf 87' lang='lat' dir='ltr'><strong>quae</strong></span> <span class='ocrx_word' id='word_1_116' title='bbox 843 2034 887 2102; x_wconf 91' lang='lat' dir='ltr'><strong>ad</strong></span> <span class='ocrx_word' id='word_1_117' title='bbox 906 2034 1043 2101; x_wconf 90' lang='lat' dir='ltr'><strong>eandem</strong></span> <span class='ocrx_word' id='word_1_118' title='bbox 1070 2035 1237 2123; x_wconf 87' lang='lat' dir='ltr'><strong>pertinent</strong></span> <span class='ocrx_word' id='word_1_119' title='bbox 1260 2035 1455 2099; x_wconf 83' lang='lat' dir='ltr'><strong>versionem.</strong></span> <span class='ocrx_word' id='word_1_120' title='bbox 1501 2036 1547 2100; x_wconf 83' lang='lat' dir='ltr'><strong>Et</strong></span> 
     </span>
     <span class='ocr_line' id='line_1_15' title="bbox 379 2136 1547 2229; baseline -0.003 -23"><span class='ocrx_word' id='word_1_121' title='bbox 379 2144 406 2207; x_wconf 89' lang='lat' dir='ltr'><strong>si</strong></span> <span class='ocrx_word' id='word_1_122' title='bbox 431 2141 592 2206; x_wconf 89' lang='lat' dir='ltr'><strong>hocloco</strong></span> <span class='ocrx_word' id='word_1_123' title='bbox 617 2141 821 2229; x_wconf 85' lang='lat' dir='ltr'><strong>respic-imus,</strong></span> <span class='ocrx_word' id='word_1_124' title='bbox 854 2163 940 2227; x_wconf 88' lang='lat' dir='ltr'><strong>quae</strong></span> <span class='ocrx_word' id='word_1_125' title='bbox 971 2140 1004 2203; x_wconf 93' lang='lat' dir='ltr'><strong>in</strong></span> <span class='ocrx_word' id='word_1_126' title='bbox 1035 2138 1091 2203; x_wconf 92' lang='lat' dir='ltr'><strong>illa</strong></span> <span class='ocrx_word' id='word_1_127' title='bbox 1116 2138 1329 2225; x_wconf 87' lang='lat' dir='ltr'><strong>epistolarum</strong></span> <span class='ocrx_word' id='word_1_128' title='bbox 1353 2136 1459 2203; x_wconf 87' lang='lat' dir='ltr'><strong>lorma</strong></span> <span class='ocrx_word' id='word_1_129' title='bbox 1482 2138 1547 2203; x_wconf 91' lang='lat' dir='ltr'><strong>sint</strong></span> 
     </span>
     <span class='ocr_line' id='line_1_16' title="bbox 380 2241 1545 2330; baseline -0.004 -20"><span class='ocrx_word' id='word_1_130' title='bbox 380 2244 513 2326; x_wconf 81' lang='lat' dir='ltr'><strong>omissa,</strong></span> <span class='ocrx_word' id='word_1_131' title='bbox 546 2244 625 2308; x_wconf 92' lang='lat' dir='ltr'><strong>nihil</strong></span> <span class='ocrx_word' id='word_1_132' title='bbox 656 2244 838 2309; x_wconf 82' lang='lat' dir='ltr'><strong>invenimus</strong></span> <span class='ocrx_word' id='word_1_133' title='bbox 861 2245 923 2308; x_wconf 91' lang='lat' dir='ltr'><strong>nisi</strong></span> <span class='ocrx_word' id='word_1_134' title='bbox 954 2266 1008 2308; x_wconf 92' lang='lat' dir='ltr'><strong>res</strong></span> <span class='ocrx_word' id='word_1_135' title='bbox 1038 2243 1184 2330; x_wconf 88' lang='lat' dir='ltr'><strong>privatas</strong></span> <span class='ocrx_word' id='word_1_136' title='bbox 1215 2241 1302 2329; x_wconf 88' lang='lat' dir='ltr'><strong>Eph.</strong></span> <span class='ocrx_word' id='word_1_137' title='bbox 1326 2244 1360 2325; x_wconf 70' lang='lat'><strong>9,</strong></span> <span class='ocrx_word' id='word_1_138' title='bbox 1382 2244 1545 2324; x_wconf 69' lang='lat' dir='ltr'><strong>ull-21,</strong></span> 
     </span>
     <span class='ocr_line' id='line_1_17' title="bbox 285 2344 1547 2434; baseline -0.004 -20"><span class='ocrx_word' id='word_1_139' title='bbox 285 2398 289 2405; x_wconf 76' lang='grc'><strong>.</strong></span> <span class='ocrx_word' id='word_1_140' title='bbox 378 2350 479 2414; x_wconf 86' lang='lat' dir='ltr'><strong>Rom.</strong></span> <span class='ocrx_word' id='word_1_141' title='bbox 503 2350 562 2430; x_wconf 86' lang='lat'><strong>10,</strong></span> <span class='ocrx_word' id='word_1_142' title='bbox 581 2346 657 2412; x_wconf 93' lang='lat' dir='ltr'><strong>Pol.</strong></span> <span class='ocrx_word' id='word_1_143' title='bbox 675 2349 787 2430; x_wconf 84' lang='grc'><strong>7-8,</strong></span> <span class='ocrx_word' id='word_1_144' title='bbox 803 2346 924 2412; x_wconf 88' lang='lat' dir='ltr'><strong>deinde</strong></span> <span class='ocrx_word' id='word_1_145' title='bbox 942 2370 1028 2434; x_wconf 88' lang='lat' dir='ltr'><strong>quae</strong></span> <span class='ocrx_word' id='word_1_146' title='bbox 1047 2346 1141 2410; x_wconf 90' lang='lat' dir='ltr'><strong>nimis</strong></span> <span class='ocrx_word' id='word_1_147' title='bbox 1160 2368 1260 2433; x_wconf 89' lang='lat' dir='ltr'><strong>saepe</strong></span> <span class='ocrx_word' id='word_1_148' title='bbox 1278 2354 1485 2433; x_wconf 86' lang='lat' dir='ltr'><strong>repetuntur,</strong></span> <span class='ocrx_word' id='word_1_149' title='bbox 1505 2344 1547 2410; x_wconf 93' lang='lat' dir='ltr'><strong>de</strong></span> 
     </span>
     <span class='ocr_line' id='line_1_18' title="bbox 380 2448 1546 2540; baseline -0.003 -23"><span class='ocrx_word' id='word_1_150' title='bbox 380 2476 439 2540; x_wconf 90' lang='lat' dir='ltr'><strong>spe</strong></span> <span class='ocrx_word' id='word_1_151' title='bbox 458 2452 608 2539; x_wconf 89' lang='lat' dir='ltr'><strong>martyrii</strong></span> <span class='ocrx_word' id='word_1_152' title='bbox 625 2451 725 2516; x_wconf 88' lang='lat' dir='ltr'><strong>Rom.</strong></span> <span class='ocrx_word' id='word_1_153' title='bbox 744 2452 856 2532; x_wconf 84' lang='grc'><strong>7-9,</strong></span> <span class='ocrx_word' id='word_1_154' title='bbox 876 2450 919 2515; x_wconf 93' lang='lat' dir='ltr'><strong>de</strong></span> <span class='ocrx_word' id='word_1_155' title='bbox 938 2450 1117 2538; x_wconf 90' lang='lat' dir='ltr'><strong>episcopali</strong></span> <span class='ocrx_word' id='word_1_156' title='bbox 1135 2448 1300 2537; x_wconf 79' lang='lat' dir='ltr'><strong>dignitate</strong></span> <span class='ocrx_word' id='word_1_157' title='bbox 1318 2460 1352 2514; x_wconf 93' lang='lat' dir='ltr'><strong>et</strong></span> <span class='ocrx_word' id='word_1_158' title='bbox 1371 2448 1413 2514; x_wconf 91' lang='lat' dir='ltr'><strong>de</strong></span> <span class='ocrx_word' id='word_1_159' title='bbox 1430 2448 1546 2513; x_wconf 90' lang='lat' dir='ltr'><strong>haere·</strong></span> 
     </span>
    </p>
   </div>
   <div class='ocr_carea' id='block_1_3' title="bbox 379 2552 1547 2752">
    <p class='ocr_par' dir='ltr' id='par_1_4' title="bbox 379 2552 1547 2752">
     <span class='ocr_line' id='line_1_19' title="bbox 380 2552 1547 2642; baseline -0.004 -21"><span class='ocrx_word' id='word_1_160' title='bbox 380 2557 469 2621; x_wconf 88' lang='lat' dir='ltr'><strong>sibus</strong></span> <span class='ocrx_word' id='word_1_161' title='bbox 486 2554 575 2642; x_wconf 84' lang='lat' dir='ltr'><strong>pr.</strong></span> <span class='ocrx_word' id='word_1_162' title='bbox 597 2556 710 2638; x_wconf 82' lang='grc'><strong>4-8,</strong></span> <span class='ocrx_word' id='word_1_163' title='bbox 733 2554 896 2634; x_wconf 82' lang='lat'><strong>16-17,</strong></span> <span class='ocrx_word' id='word_1_164' title='bbox 923 2563 961 2617; x_wconf 94' lang='lat' dir='ltr'><strong>ut</strong></span> <span class='ocrx_word' id='word_1_165' title='bbox 985 2576 1051 2617; x_wconf 92' lang='lat' dir='ltr'><strong>uno</strong></span> <span class='ocrx_word' id='word_1_166' title='bbox 1079 2552 1226 2618; x_wconf 91' lang='lat' dir='ltr'><strong>dicamus</strong></span> <span class='ocrx_word' id='word_1_167' title='bbox 1252 2554 1367 2633; x_wconf 91' lang='lat' dir='ltr'><strong>verbo,</strong></span> <span class='ocrx_word' id='word_1_168' title='bbox 1393 2576 1433 2617; x_wconf 88' lang='lat' dir='ltr'><strong>ea</strong></span> <span class='ocrx_word' id='word_1_169' title='bbox 1461 2574 1547 2637; x_wconf 89' lang='lat' dir='ltr'><strong>quae</strong></span> 
     </span>
     <span class='ocr_line' id='line_1_20' title="bbox 379 2654 1546 2752; baseline -0.005 -28"><span class='ocrx_word' id='word_1_170' title='bbox 379 2660 522 2747; x_wconf 82' lang='lat' dir='ltr'><strong>scriptor</strong></span> <span class='ocrx_word' id='word_1_171' title='bbox 539 2660 739 2752; x_wconf 65' lang='grc' dir='ltr'><strong>βαττολογξΐ,</strong></span> <span class='ocrx_word' id='word_1_172' title='bbox 758 2665 796 2721; x_wconf 95' lang='lat' dir='ltr'><strong>ut</strong></span> <span class='ocrx_word' id='word_1_173' title='bbox 814 2656 861 2720; x_wconf 90' lang='lat' dir='ltr'><strong>ait</strong></span> <span class='ocrx_word' id='word_1_174' title='bbox 877 2655 1050 2721; x_wconf 90' lang='lat' dir='ltr'><strong>Dallaeus.</strong></span> <span class='ocrx_word' id='word_1_175' title='bbox 1086 2656 1275 2722; x_wconf 84' lang='lat' dir='ltr'><strong>Curetonus</strong></span> <span class='ocrx_word' id='word_1_176' title='bbox 1295 2654 1426 2743; x_wconf 86' lang='lat' dir='ltr'><strong>quidem</strong></span> <span class='ocrx_word' id='word_1_177' title='bbox 1445 2655 1478 2735; x_wconf 90' lang='lat' dir='ltr'><strong>in</strong></span> <span class='ocrx_word' id='word_1_178' title='bbox 1496 2655 1546 2719; x_wconf 93' lang='lat' dir='ltr'><strong>in-</strong></span> 
     </span>
    </p>
   </div>
   <div class='ocr_carea' id='block_1_4' title="bbox 377 2759 1546 3368">
    <p class='ocr_par' dir='ltr' id='par_1_5' title="bbox 377 2759 1546 3368">
     <span class='ocr_line' id='line_1_21' title="bbox 379 2759 1546 2850; baseline -0.005 -22"><span class='ocrx_word' id='word_1_179' title='bbox 379 2762 591 2828; x_wconf 87' lang='lat' dir='ltr'><strong>troductione</strong></span> <span class='ocrx_word' id='word_1_180' title='bbox 615 2785 648 2850; x_wconf 89' lang='lat' dir='ltr'><strong>p.</strong></span> <span class='ocrx_word' id='word_1_181' title='bbox 674 2759 786 2826; x_wconf 83' lang='lat' dir='ltr'><strong>XLII.</strong></span> <span class='ocrx_word' id='word_1_182' title='bbox 811 2759 994 2844; x_wconf 86' lang='lat' dir='ltr'><strong>contendit,</strong></span> <span class='ocrx_word' id='word_1_183' title='bbox 1019 2761 1079 2826; x_wconf 90' lang='lat' dir='ltr'><strong>has</strong></span> <span class='ocrx_word' id='word_1_184' title='bbox 1110 2761 1278 2850; x_wconf 90' lang='lat' dir='ltr'><strong>epistolas,</strong></span> <span class='ocrx_word' id='word_1_185' title='bbox 1311 2761 1337 2823; x_wconf 91' lang='lat' dir='ltr'><strong>si</strong></span> <span class='ocrx_word' id='word_1_186' title='bbox 1370 2769 1546 2846; x_wconf 82' lang='lat' dir='ltr'><strong>excerptae</strong></span> 
     </span>
     <span class='ocr_line' id='line_1_22' title="bbox 378 2863 1544 2953; baseline -0.005 -21"><span class='ocrx_word' id='word_1_187' title='bbox 378 2876 500 2950; x_wconf 87' lang='lat' dir='ltr'><strong>essent,</strong></span> <span class='ocrx_word' id='word_1_188' title='bbox 520 2865 652 2931; x_wconf 90' lang='lat' dir='ltr'><strong>unicum</strong></span> <span class='ocrx_word' id='word_1_189' title='bbox 669 2863 767 2953; x_wconf 86' lang='lat' dir='ltr'><strong>hujus</strong></span> <span class='ocrx_word' id='word_1_190' title='bbox 785 2865 834 2929; x_wconf 90' lang='lat' dir='ltr'><strong>rei</strong></span> <span class='ocrx_word' id='word_1_191' title='bbox 852 2888 926 2932; x_wconf 90' lang='lat' dir='ltr'><strong>esse</strong></span> <span class='ocrx_word' id='word_1_192' title='bbox 940 2865 1125 2952; x_wconf 82' lang='lat' dir='ltr'><strong>exemplum</strong></span> <span class='ocrx_word' id='word_1_193' title='bbox 1141 2874 1217 2930; x_wconf 89' lang='lat' dir='ltr'><strong>ante</strong></span> <span class='ocrx_word' id='word_1_194' title='bbox 1229 2863 1367 2928; x_wconf 86' lang='lat' dir='ltr'><strong>Eusebii</strong></span> <span class='ocrx_word' id='word_1_195' title='bbox 1381 2873 1544 2950; x_wconf 90' lang='lat' dir='ltr'><strong>tempora,</strong></span> 
     </span>
     <span class='ocr_line' id='line_1_23' title="bbox 378 2965 1545 3058; baseline -0.004 -22"><span class='ocrx_word' id='word_1_196' title='bbox 378 2970 438 3036; x_wconf 87' lang='lat' dir='ltr'><strong>sed</strong></span> <span class='ocrx_word' id='word_1_197' title='bbox 456 2971 520 3034; x_wconf 89' lang='lat' dir='ltr'><strong>hoc</strong></span> <span class='ocrx_word' id='word_1_198' title='bbox 537 2970 753 3058; x_wconf 91' lang='lat' dir='ltr'><strong>opprobrium</strong></span> <span class='ocrx_word' id='word_1_199' title='bbox 766 2969 799 3032; x_wconf 91' lang='lat' dir='ltr'><strong>in</strong></span> <span class='ocrx_word' id='word_1_200' title='bbox 813 2991 873 3034; x_wconf 91' lang='lat' dir='ltr'><strong>nos</strong></span> <span class='ocrx_word' id='word_1_201' title='bbox 887 2991 952 3033; x_wconf 94' lang='lat' dir='ltr'><strong>non</strong></span> <span class='ocrx_word' id='word_1_202' title='bbox 968 2967 1069 3050; x_wconf 89' lang='lat' dir='ltr'><strong>cadit,</strong></span> <span class='ocrx_word' id='word_1_203' title='bbox 1084 2991 1185 3055; x_wconf 90' lang='lat' dir='ltr'><strong>quum</strong></span> <span class='ocrx_word' id='word_1_204' title='bbox 1199 2965 1447 3048; x_wconf 86' lang='lat' dir='ltr'><strong>contendamus,</strong></span> <span class='ocrx_word' id='word_1_205' title='bbox 1468 2977 1545 3032; x_wconf 91' lang='lat' dir='ltr'><strong>ante</strong></span> 
     </span>
     <span class='ocr_line' id='line_1_24' title="bbox 377 3068 1546 3160; baseline -0.003 -21"><span class='ocrx_word' id='word_1_206' title='bbox 377 3074 561 3141; x_wconf 84' lang='lat' dir='ltr'><strong>Eusebium</strong></span> <span class='ocrx_word' id='word_1_207' title='bbox 579 3096 693 3138; x_wconf 90' lang='lat' dir='ltr'><strong>omnes</strong></span> <span class='ocrx_word' id='word_1_208' title='bbox 710 3072 770 3137; x_wconf 92' lang='lat' dir='ltr'><strong>has</strong></span> <span class='ocrx_word' id='word_1_209' title='bbox 794 3071 951 3160; x_wconf 86' lang='lat' dir='ltr'><strong>epistolas</strong></span> <span class='ocrx_word' id='word_1_210' title='bbox 970 3073 1099 3160; x_wconf 84' lang='lat' dir='ltr'><strong>syriace</strong></span> <span class='ocrx_word' id='word_1_211' title='bbox 1125 3095 1198 3136; x_wconf 86' lang='lat' dir='ltr'><strong>esse</strong></span> <span class='ocrx_word' id='word_1_212' title='bbox 1222 3068 1381 3151; x_wconf 90' lang='lat' dir='ltr'><strong>redditas,</strong></span> <span class='ocrx_word' id='word_1_213' title='bbox 1409 3080 1443 3135; x_wconf 90' lang='lat' dir='ltr'><strong>et</strong></span> <span class='ocrx_word' id='word_1_214' title='bbox 1461 3069 1546 3135; x_wconf 90' lang='lat' dir='ltr'><strong>hanc</strong></span> 
     </span>
     <span class='ocr_line' id='line_1_25' title="bbox 378 3171 1544 3264; baseline -0.004 -21"><span class='ocrx_word' id='word_1_215' title='bbox 378 3176 510 3243; x_wconf 90' lang='lat' dir='ltr'><strong>demum</strong></span> <span class='ocrx_word' id='word_1_216' title='bbox 535 3177 720 3242; x_wconf 89' lang='lat' dir='ltr'><strong>versionem</strong></span> <span class='ocrx_word' id='word_1_217' title='bbox 745 3199 818 3242; x_wconf 89' lang='lat' dir='ltr'><strong>esse</strong></span> <span class='ocrx_word' id='word_1_218' title='bbox 843 3185 1045 3264; x_wconf 84' lang='lat' dir='ltr'><strong>excerptam,</strong></span> <span class='ocrx_word' id='word_1_219' title='bbox 1079 3173 1169 3261; x_wconf 92' lang='lat' dir='ltr'><strong>quod</strong></span> <span class='ocrx_word' id='word_1_220' title='bbox 1193 3197 1233 3240; x_wconf 92' lang='lat' dir='ltr'><strong>eo</strong></span> <span class='ocrx_word' id='word_1_221' title='bbox 1265 3171 1454 3238; x_wconf 89' lang='lat' dir='ltr'><strong>credibilius</strong></span> <span class='ocrx_word' id='word_1_222' title='bbox 1481 3183 1544 3257; x_wconf 91' lang='lat' dir='ltr'><strong>est,</strong></span> 
     </span>
     <span class='ocr_line' id='line_1_26' title="bbox 377 3276 1545 3368; baseline -0.004 -23"><span class='ocrx_word' id='word_1_223' title='bbox 377 3303 479 3368; x_wconf 85' lang='lat' dir='ltr'><strong>quum</strong></span> <span class='ocrx_word' id='word_1_224' title='bbox 497 3278 641 3363; x_wconf 88' lang='lat' dir='ltr'><strong>codices,</strong></span> <span class='ocrx_word' id='word_1_225' title='bbox 660 3280 717 3367; x_wconf 88' lang='lat' dir='ltr'><strong>qui</strong></span> <span class='ocrx_word' id='word_1_226' title='bbox 730 3289 799 3345; x_wconf 90' lang='lat' dir='ltr'><strong>tres</strong></span> <span class='ocrx_word' id='word_1_227' title='bbox 816 3278 889 3346; x_wconf 88' lang='lat' dir='ltr'><strong>illas</strong></span> <span class='ocrx_word' id='word_1_228' title='bbox 903 3281 1065 3367; x_wconf 87' lang='lat' dir='ltr'><strong>praebent</strong></span> <span class='ocrx_word' id='word_1_229' title='bbox 1078 3277 1234 3365; x_wconf 88' lang='lat' dir='ltr'><strong>epistolas</strong></span> <span class='ocrx_word' id='word_1_230' title='bbox 1248 3276 1327 3341; x_wconf 91' lang='lat' dir='ltr'><strong>nihil</strong></span> <span class='ocrx_word' id='word_1_231' title='bbox 1342 3276 1545 3360; x_wconf 89' lang='lat' dir='ltr'><strong>contineant,</strong></span> 
     </span>
    </p>
   </div>
   <div class='ocr_carea' id='block_1_5' title="bbox 257 3379 1545 3471">
    <p class='ocr_par' dir='ltr' id='par_1_6' title="bbox 257 3379 1545 3471">
     <span class='ocr_line' id='line_1_27' title="bbox 257 3379 1545 3471; baseline -0.006 -22"><span class='ocrx_word' id='word_1_232' title='bbox 257 3435 259 3439; x_wconf 79' lang='lat'><strong>.</strong></span> <span class='ocrx_word' id='word_1_233' title='bbox 377 3384 439 3448; x_wconf 92' lang='lat' dir='ltr'><strong>nisi</strong></span> <span class='ocrx_word' id='word_1_234' title='bbox 457 3382 581 3448; x_wconf 87' lang='lat' dir='ltr'><strong>selecta</strong></span> <span class='ocrx_word' id='word_1_235' title='bbox 598 3392 730 3470; x_wconf 89' lang='lat' dir='ltr'><strong>patrum</strong></span> <span class='ocrx_word' id='word_1_236' title='bbox 748 3383 884 3471; x_wconf 88' lang='lat' dir='ltr'><strong>scripta.</strong></span> <span class='ocrx_word' id='word_1_237' title='bbox 920 3382 1047 3447; x_wconf 91' lang='lat' dir='ltr'><strong>Ultimo</strong></span> <span class='ocrx_word' id='word_1_238' title='bbox 1067 3380 1208 3466; x_wconf 85' lang='lat' dir='ltr'><strong>denique</strong></span> <span class='ocrx_word' id='word_1_239' title='bbox 1225 3379 1300 3443; x_wconf 92' lang='lat' dir='ltr'><strong>loco</strong></span> <span class='ocrx_word' id='word_1_240' title='bbox 1319 3379 1545 3465; x_wconf 90' lang='lat' dir='ltr'><strong>quaerendum</strong></span> 
     </span>
    </p>
   </div>
   <div class='ocr_carea' id='block_1_6' title="bbox 377 3479 1546 3678">
    <p class='ocr_par' dir='ltr' id='par_1_7' title="bbox 377 3479 1546 3678">
     <span class='ocr_line' id='line_1_28' title="bbox 377 3479 1546 3574; baseline -0.005 -23"><span class='ocrx_word' id='word_1_241' title='bbox 377 3497 439 3571; x_wconf 88' lang='lat' dir='ltr'><strong>cst,</strong></span> <span class='ocrx_word' id='word_1_242' title='bbox 460 3485 503 3551; x_wconf 91' lang='lat' dir='ltr'><strong>ad</strong></span> <span class='ocrx_word' id='word_1_243' title='bbox 521 3508 619 3572; x_wconf 91' lang='lat' dir='ltr'><strong>quem</strong></span> <span class='ocrx_word' id='word_1_244' title='bbox 636 3486 735 3552; x_wconf 86' lang='lat' dir='ltr'><strong>finem</strong></span> <span class='ocrx_word' id='word_1_245' title='bbox 753 3487 896 3574; x_wconf 86' lang='lat' dir='ltr'><strong>scriptor</strong></span> <span class='ocrx_word' id='word_1_246' title='bbox 918 3485 976 3550; x_wconf 89' lang='lat' dir='ltr'><strong>has</strong></span> <span class='ocrx_word' id='word_1_247' title='bbox 996 3482 1152 3572; x_wconf 85' lang='lat' dir='ltr'><strong>epistolas</strong></span> <span class='ocrx_word' id='word_1_248' title='bbox 1171 3483 1384 3569; x_wconf 84' lang='lat' dir='ltr'><strong>excerpserit.</strong></span> <span class='ocrx_word' id='word_1_249' title='bbox 1439 3479 1512 3547; x_wconf 87' lang='lat' dir='ltr'><strong>Hei</strong></span> <span class='ocrx_word' id='word_1_250' title='bbox 1532 3522 1546 3530; x_wconf 97' lang='lat'>-</span> 
     </span>
     <span class='ocr_line' id='line_1_29' title="bbox 377 3585 1546 3678; baseline -0.004 -23"><span class='ocrx_word' id='word_1_251' title='bbox 377 3590 439 3655; x_wconf 91' lang='lat' dir='ltr'><strong>lius</strong></span> <span class='ocrx_word' id='word_1_252' title='bbox 457 3588 637 3678; x_wconf 91' lang='lat' dir='ltr'><strong>respondet</strong></span> <span class='ocrx_word' id='word_1_253' title='bbox 653 3589 686 3654; x_wconf 90' lang='lat' dir='ltr'><strong>in</strong></span> <span class='ocrx_word' id='word_1_254' title='bbox 705 3591 795 3678; x_wconf 93' lang='lat' dir='ltr'><strong>pium</strong></span> <span class='ocrx_word' id='word_1_255' title='bbox 808 3613 917 3671; x_wconf 90' lang='lat' dir='ltr'><strong>usum,</strong></span> <span class='ocrx_word' id='word_1_256' title='bbox 932 3588 1100 3676; x_wconf 88' lang='lat' dir='ltr'><strong>inscriptio</strong></span> <span class='ocrx_word' id='word_1_257' title='bbox 1114 3609 1194 3651; x_wconf 90' lang='lat' dir='ltr'><strong>vero</strong></span> <span class='ocrx_word' id='word_1_258' title='bbox 1209 3585 1332 3651; x_wconf 90' lang='lat' dir='ltr'><strong>codicis</strong></span> <span class='ocrx_word' id='word_1_259' title='bbox 1347 3585 1546 3651; x_wconf 90' lang='lat' dir='ltr'><strong>Parisiensis</strong></span> 
     </span>
    </p>
   </div>
   <div class='ocr_carea' id='block_1_7' title="bbox 296 3713 1546 3973">
    <p class='ocr_par' dir='ltr' id='par_1_8' title="bbox 296 3713 1546 3973">
     <span class='ocr_line' id='line_1_30' title="bbox 376 3713 1546 3839; baseline -0.009 -45"><span class='ocrx_word' id='word_1_260' title='bbox 376 3752 446 3794; x_wconf 91' lang='lat' dir='ltr'><strong>rem</strong></span> <span class='ocrx_word' id='word_1_261' title='bbox 466 3729 652 3794; x_wconf 87' lang='lat' dir='ltr'><strong>accuratius</strong></span> <span class='ocrx_word' id='word_1_262' title='bbox 671 3725 796 3809; x_wconf 89' lang='lat' dir='ltr'><strong>definit,</strong></span> <span class='ocrx_word' id='word_1_263' title='bbox 816 3750 916 3814; x_wconf 92' lang='lat' dir='ltr'><strong>quum</strong></span> <span class='ocrx_word' id='word_1_264' title='bbox 936 3725 1025 3790; x_wconf 90' lang='lat' dir='ltr'><strong>dicat</strong></span> <span class='ocrx_word' id='word_1_265' title='bbox 1044 3725 1159 3789; x_wconf 84' lang='lat' dir='ltr'><strong>Curet.</strong></span> <span class='ocrx_word' id='word_1_266' title='bbox 1179 3748 1212 3813; x_wconf 93' lang='lat' dir='ltr'><strong>p.</strong></span> <span class='ocrx_word' id='word_1_267' title='bbox 1236 3725 1305 3788; x_wconf 88' lang='grc'><strong>197</strong></span> <span class='ocrx_word' id='word_1_268' title='bbox 1327 3742 1468 3839; x_wconf 33' lang='grc' dir='ltr'><strong>ρξ’</strong></span> <span class='ocrx_word' id='word_1_269' title='bbox 1487 3713 1546 3798; x_wconf 64' lang='lat' dir='ltr'><strong>uis</strong></span> 
     </span>
     <span class='ocr_line' id='line_1_31' title="bbox 296 3852 1545 3973; baseline -0.011 -38"><span class='ocrx_word' id='word_1_270' title='bbox 296 3914 305 3935; x_wconf 72' lang='lat'><strong>.</strong></span> <span class='ocrx_word' id='word_1_271' title='bbox 328 3903 334 3922; x_wconf 90' lang='lat'><strong>-·</strong></span> <span class='ocrx_word' id='word_1_272' title='bbox 375 3857 523 3968; x_wconf 50' lang='grc' dir='ltr'><strong>(0ὲένῖ</strong></span> <span class='ocrx_word' id='word_1_273' title='bbox 532 3855 636 3962; x_wconf 57' lang='lat' dir='ltr'><strong>l—llA</strong></span> <span class='ocrx_word' id='word_1_274' title='bbox 651 3853 758 3951; x_wconf 67' lang='grc'><strong>110101</strong></span> <span class='ocrx_word' id='word_1_275' title='bbox 777 3861 854 3948; x_wconf 47' lang='grc' dir='ltr'><strong>11η)</strong></span> <span class='ocrx_word' id='word_1_276' title='bbox 871 3853 1058 3973; x_wconf 48' lang='lat' dir='ltr'><strong>&amp;W</strong></span> <span class='ocrx_word' id='word_1_277' title='bbox 1070 3852 1181 3958; x_wconf 47' lang='lat' dir='ltr'><strong>ingny</strong></span> <span class='ocrx_word' id='word_1_278' title='bbox 1195 3853 1346 3972; x_wconf 37' lang='lat' dir='ltr'><strong>llle</strong></span> <span class='ocrx_word' id='word_1_279' title='bbox 1364 3861 1385 3926; x_wconf 93' lang='lat' dir='ltr'><strong>i.</strong></span> <span class='ocrx_word' id='word_1_280' title='bbox 1397 3884 1426 3926; x_wconf 94' lang='lat' dir='ltr'><strong>e.</strong></span> <span class='ocrx_word' id='word_1_281' title='bbox 1443 3859 1545 3922; x_wconf 87' lang='lat' dir='ltr'><strong>verba</strong></span> 
     </span>
    </p>
   </div>
   <div class='ocr_carea' id='block_1_8' title="bbox 373 3962 1546 4468">
    <p class='ocr_par' dir='ltr' id='par_1_9' title="bbox 373 3962 1546 4468">
     <span class='ocr_line' id='line_1_32' title="bbox 375 3962 1546 4056; baseline -0.009 -21"><span class='ocrx_word' id='word_1_282' title='bbox 375 3968 499 4035; x_wconf 86' lang='lat' dir='ltr'><strong>selecta</strong></span> <span class='ocrx_word' id='word_1_283' title='bbox 523 3992 563 4033; x_wconf 83' lang='lat' dir='ltr'><strong>ex</strong></span> <span class='ocrx_word' id='word_1_284' title='bbox 583 3967 731 4056; x_wconf 90' lang='lat' dir='ltr'><strong>epistolis</strong></span> <span class='ocrx_word' id='word_1_285' title='bbox 755 3966 859 4032; x_wconf 90' lang='lat' dir='ltr'><strong>sancti</strong></span> <span class='ocrx_word' id='word_1_286' title='bbox 887 3965 1022 4052; x_wconf 82' lang='lat' dir='ltr'><strong>Ignatii,</strong></span> <span class='ocrx_word' id='word_1_287' title='bbox 1049 3987 1135 4051; x_wconf 90' lang='lat' dir='ltr'><strong>quae</strong></span> <span class='ocrx_word' id='word_1_288' title='bbox 1161 3965 1285 4030; x_wconf 89' lang='lat' dir='ltr'><strong>habent</strong></span> <span class='ocrx_word' id='word_1_289' title='bbox 1310 3962 1546 4028; x_wconf 88' lang='lat' dir='ltr'><strong>auctoritatem</strong></span> 
     </span>
     <span class='ocr_line' id='line_1_33' title="bbox 375 4063 1545 4156; baseline -0.009 -18"><span class='ocrx_word' id='word_1_290' title='bbox 375 4093 537 4138; x_wconf 86' lang='lat' dir='ltr'><strong>canonum</strong></span> <span class='ocrx_word' id='word_1_291' title='bbox 555 4070 865 4138; x_wconf 89' lang='lat' dir='ltr'><strong>ecclesiasticorum.</strong></span> <span class='ocrx_word' id='word_1_292' title='bbox 895 4068 965 4133; x_wconf 85' lang='lat' dir='ltr'><strong>Res</strong></span> <span class='ocrx_word' id='word_1_293' title='bbox 983 4068 1195 4156; x_wconf 83' lang='lat' dir='ltr'><strong>gravissimas</strong></span> <span class='ocrx_word' id='word_1_294' title='bbox 1215 4075 1372 4152; x_wconf 82' lang='lat' dir='ltr'><strong>excerpta</strong></span> <span class='ocrx_word' id='word_1_295' title='bbox 1389 4063 1445 4128; x_wconf 88' lang='lat' dir='ltr'><strong>illa</strong></span> <span class='ocrx_word' id='word_1_296' title='bbox 1464 4087 1545 4128; x_wconf 92' lang='lat' dir='ltr'><strong>con-</strong></span> 
     </span>
     <span class='ocr_line' id='line_1_34' title="bbox 374 4166 1544 4260; baseline -0.008 -20"><span class='ocrx_word' id='word_1_297' title='bbox 374 4176 493 4256; x_wconf 90' lang='lat' dir='ltr'><strong>tinent,</strong></span> <span class='ocrx_word' id='word_1_298' title='bbox 512 4199 552 4240; x_wconf 91' lang='lat' dir='ltr'><strong>ea</strong></span> <span class='ocrx_word' id='word_1_299' title='bbox 570 4185 699 4240; x_wconf 89' lang='lat' dir='ltr'><strong>tantum</strong></span> <span class='ocrx_word' id='word_1_300' title='bbox 719 4195 804 4260; x_wconf 88' lang='lat' dir='ltr'><strong>quae</strong></span> <span class='ocrx_word' id='word_1_301' title='bbox 821 4173 944 4238; x_wconf 91' lang='lat' dir='ltr'><strong>iterum</strong></span> <span class='ocrx_word' id='word_1_302' title='bbox 957 4173 1144 4260; x_wconf 88' lang='lat' dir='ltr'><strong>iterumque</strong></span> <span class='ocrx_word' id='word_1_303' title='bbox 1163 4180 1239 4236; x_wconf 92' lang='lat' dir='ltr'><strong>sunt</strong></span> <span class='ocrx_word' id='word_1_304' title='bbox 1253 4167 1394 4257; x_wconf 90' lang='lat' dir='ltr'><strong>repetita</strong></span> <span class='ocrx_word' id='word_1_305' title='bbox 1410 4166 1544 4252; x_wconf 88' lang='lat' dir='ltr'><strong>desunt,</strong></span> 
     </span>
     <span class='ocr_line' id='line_1_35' title="bbox 373 4270 1546 4367; baseline -0.005 -25"><span class='ocrx_word' id='word_1_306' title='bbox 373 4278 541 4367; x_wconf 85' lang='lat' dir='ltr'><strong>sicigitur</strong></span> <span class='ocrx_word' id='word_1_307' title='bbox 566 4278 675 4343; x_wconf 90' lang='lat' dir='ltr'><strong>omnia</strong></span> <span class='ocrx_word' id='word_1_308' title='bbox 700 4277 733 4341; x_wconf 92' lang='lat' dir='ltr'><strong>in</strong></span> <span class='ocrx_word' id='word_1_309' title='bbox 760 4276 799 4340; x_wconf 91' lang='lat' dir='ltr'><strong>iis</strong></span> <span class='ocrx_word' id='word_1_310' title='bbox 823 4277 944 4359; x_wconf 89' lang='lat' dir='ltr'><strong>insunt,</strong></span> <span class='ocrx_word' id='word_1_311' title='bbox 972 4286 1109 4364; x_wconf 91' lang='lat' dir='ltr'><strong>propter</strong></span> <span class='ocrx_word' id='word_1_312' title='bbox 1133 4299 1219 4363; x_wconf 89' lang='lat' dir='ltr'><strong>quae</strong></span> <span class='ocrx_word' id='word_1_313' title='bbox 1244 4273 1334 4338; x_wconf 92' lang='lat' dir='ltr'><strong>lectu</strong></span> <span class='ocrx_word' id='word_1_314' title='bbox 1359 4270 1483 4359; x_wconf 81' lang='lat' dir='ltr'><strong>dignae</strong></span> <span class='ocrx_word' id='word_1_315' title='bbox 1509 4281 1546 4336; x_wconf 92' lang='lat' dir='ltr'><strong>et</strong></span> 
     </span>
     <span class='ocr_line' id='line_1_36' title="bbox 373 4378 1545 4468; baseline -0.007 -22"><span class='ocrx_word' id='word_1_316' title='bbox 373 4381 458 4446; x_wconf 91' lang='lat' dir='ltr'><strong>tanti</strong></span> <span class='ocrx_word' id='word_1_317' title='bbox 471 4381 570 4468; x_wconf 88' lang='lat' dir='ltr'><strong>pretii</strong></span> <span class='ocrx_word' id='word_1_318' title='bbox 583 4381 646 4446; x_wconf 87' lang='lat' dir='ltr'><strong>hae</strong></span> <span class='ocrx_word' id='word_1_319' title='bbox 659 4378 820 4468; x_wconf 87' lang='lat' dir='ltr'><strong>epistolae</strong></span> <span class='ocrx_word' id='word_1_320' title='bbox 834 4388 911 4446; x_wconf 89' lang='lat' dir='ltr'><strong>suut</strong></span> <span class='ocrx_word' id='word_1_321' title='bbox 924 4379 1070 4462; x_wconf 87' lang='lat' dir='ltr'><strong>habitae,</strong></span> <span class='ocrx_word' id='word_1_322' title='bbox 1080 4379 1206 4446; x_wconf 88' lang='lat' dir='ltr'><strong>ethaeo</strong></span> <span class='ocrx_word' id='word_1_323' title='bbox 1219 4387 1270 4443; x_wconf 90' lang='lat' dir='ltr'><strong>est</strong></span> <span class='ocrx_word' id='word_1_324' title='bbox 1284 4398 1395 4457; x_wconf 89' lang='lat' dir='ltr'><strong>causa,</strong></span> <span class='ocrx_word' id='word_1_325' title='bbox 1404 4383 1545 4462; x_wconf 90' lang='lat' dir='ltr'><strong>propter</strong></span> 
     </span>
    </p>
   </div>
   <div class='ocr_carea' id='block_1_9' title="bbox 374 4477 1487 4575">
    <p class='ocr_par' dir='ltr' id='par_1_10' title="bbox 374 4477 1487 4575">
     <span class='ocr_line' id='line_1_37' title="bbox 374 4477 1487 4575; baseline -0.005 -27"><span class='ocrx_word' id='word_1_326' title='bbox 374 4507 472 4573; x_wconf 92' lang='lat' dir='ltr'><strong>quam</strong></span> <span class='ocrx_word' id='word_1_327' title='bbox 490 4493 558 4550; x_wconf 87' lang='lat' dir='ltr'><strong>tam</strong></span> <span class='ocrx_word' id='word_1_328' title='bbox 576 4507 678 4574; x_wconf 87' lang='lat' dir='ltr'><strong>saepe</strong></span> <span class='ocrx_word' id='word_1_329' title='bbox 695 4484 826 4575; x_wconf 78' lang='lat' dir='ltr'><strong>singula</strong></span> <span class='ocrx_word' id='word_1_330' title='bbox 845 4483 955 4572; x_wconf 91' lang='lat' dir='ltr'><strong>capita</strong></span> <span class='ocrx_word' id='word_1_331' title='bbox 973 4493 1049 4548; x_wconf 89' lang='lat' dir='ltr'><strong>sunt</strong></span> <span class='ocrx_word' id='word_1_332' title='bbox 1067 4482 1190 4549; x_wconf 88' lang='lat' dir='ltr'><strong>selecta</strong></span> <span class='ocrx_word' id='word_1_333' title='bbox 1209 4493 1243 4547; x_wconf 88' lang='lat' dir='ltr'><strong>et</strong></span> <span class='ocrx_word' id='word_1_334' title='bbox 1261 4477 1487 4566; x_wconf 89' lang='lat' dir='ltr'><strong>transscripta.</strong></span> 
     </span>
    </p>
   </div>
   <div class='ocr_carea' id='block_1_10' title="bbox 771 4676 1146 4711">
    <p class='ocr_par' dir='ltr' id='par_1_11' title="bbox 771 4676 1146 4711">
     <span class='ocr_line' id='line_1_38' title="bbox 771 4676 1146 4711; baseline -0.003 -13"><span class='ocrx_word' id='word_1_335' title='bbox 771 4676 1146 4711; x_wconf 43' lang='grc' dir='ltr'><strong>-ῄ-ᾼ-Φ-ή--ψ-</strong></span> 
     </span>
    </p>
   </div>
   <div class='ocr_carea' id='block_1_11' title="bbox 0 0 1754 5525">
    <p class='ocr_par' dir='ltr' id='par_1_12' title="bbox 0 0 1754 5525">
     <span class='ocr_line' id='line_1_39' title="bbox 0 0 1754 5525; baseline 0 1"><span class='ocrx_word' id='word_1_336' title='bbox 0 0 1754 5525; x_wconf 95' lang='lat' dir='ltr'><strong> </strong></span> 
     </span>
    </p>
   </div>
  </div>
 </body>
</html>
