3500 5525
827 562 872 627 41

272 805 407 879 reuma
424 826 445 871 ο
462 804 538 893 Syr.
557 826 624 870 non
642 812 799 869 seeurete
822 800 974 868 redditur
987 798 1136 919 Q,
1163 824 1229 867 vox
1260 810 1372 868 sutem
1402 801 1434 867 in

269 907 314 973 N.
335 907 378 972 Τ.
411 907 513 973 semel
544 917 674 973 tuntum
704 916 757 972 est
786 905 909 971 ll'etr.
932 907 972 987 l,
994 906 1039 971 13
1066 904 1256 971 ubiPesoh.
1276 897 1436 1018 3⁸·an

268 1011 390 1098 posuit.
444 1010 539 1099 Lips.
558 1011 737 1077 intextum
755 1032 914 1099 graecum
933 1008 1044 1097 posuit
1067 1009 1273 1093 σπουδαίως,
1299 1007 1358 1074 sed
1382 1030 1435 1074 er-

268 1135 346 1179 rore
362 1122 457 1201 puto,
482 1114 515 1179 in
532 1113 653 1179 Peseh.
681 1113 767 1178 enim
793 1135 879 1200 quae
903 1122 1037 1179 nostroe
1060 1111 1220 1177 versionis
1244 1121 1295 1177 est
1319 1133 1434 1177 norme

270 1212 371 1331 Q
388 1213 560 1333 etQ:
578 1216 713 1305 ponitur
729 1238 790 1304 pro
807 1216 890 1297 ταχυ
909 1224 943 1281 et
960 1218 1082 1297 ταχέως
1099 1212 1142 1281 el.
1160 1213 1243 1279 Mth.
1260 1215 1321 1299 28,
1343 1218 1377 1299 7,
1398 1215 1433 1299 8,

268 1318 352 1384 Mre.
374 1320 409 1403 9,
430 1320 491 1403 39,
518 1318 595 1386 Joh.
620 1322 677 1403 11,
698 1316 1296 1407 28,apoc.u‚5,16;3‚11‚Mth.
1318 1319 1353 1401 5,
1370 1319 1434 1397 253

270 1420 445 1501 σπουδάζω
463 1445 542 1487 vero
561 1431 596 1488 et
608 1424 789 1496 σπουδαῖος
803 1422 872 1487 sive
886 1420 1043 1486 derivatis
1058 1421 1149 1487 verbi
1162 1426 1258 1515 μ..
1270 1420 1340 1486 sive
1353 1442 1435 1487 rooe

271 1516 388 1621 Spei!
413 1523 583 1609 redditur,
608 1531 705 1620 ἱῥῶ..
733 1526 846 1591 2Cor.
868 1525 904 1607 8,
927 1527 985 1607 17,
1004 1522 1093 1590 Phil.
1115 1526 1150 1606 2,
1170 1525 1231 1606 28,
1256 1524 1377 1589 urim.
1400 1525 1433 1609 l,

271 1630 331 1711 17,
350 1627 437 1717 Eph.
457 1632 493 1712 4,
515 1629 551 1711 3,
565 1621 683 1724 Qui!
707 1628 777 1694 Tit.
799 1629 834 1711 3,
858 1628 996 1711 1213,
1015 1626 1092 1693 Gal.
1114 1629 1149 1711 2,
1172 1629 1217 1693 10
1237 1625 1436 1706 σπουδάζειν

268 1740 304 1795 et
332 1729 454 1812 τάχέιος
484 1729 660 1819 conjuncta
690 1731 848 1821 leguntur
880 1731 999 1797 euim.
1020 1732 1056 1813 4,
1084 1731 1106 1795 9
1138 1731 1195 1795 ubi
1226 1729 1301 1819 Syr.
1334 1729 1435 1797 habet

267 1829 446 1939 ᾼΧΨΝ
471 1844 506 1900 et
519 1830 658 1951 Q.
690 1835 872 1901 censemus
891 1834 966 1921 Syr.
986 1855 1047 1921 pro
1065 1834 1193 1907 τελείως
1211 1832 1244 1895 in
1262 1855 1322 1897 suo
1340 1842 1435 1899 textu

268 1936 431 2001 invenisse
447 1942 579 2018 ταχίους.
614 1937 683 2003 Pro
700 1929 829 2015 baum
847 1936 917 2000 sine
936 1934 1036 2000 dubio
1055 1957 1129 1999 eum
1148 1935 1264 2000 Curet.
1284 1934 1433 2000 Peterin.

267 2038 362 2127 Lips.
387 2030 495 2118 lium
520 2039 700 2129 legendum
724 2050 785 2105 est.
839 2037 1048 2125 Insequentis
1074 2037 1235 2102 enuntiati
1259 2036 1433 2126 epodosiu,
1465 2062 1473 2077 ¹

268 2165 355 2229 qnae
372 2143 406 2207 in
423 2142 497 2209 libr.
517 2165 570 2233 gr.
591 2166 693 2232 aegre
708 2141 929 2223 desideratur,
944 2141 1047 2229 Syrus
1066 2138 1205 2222 addidit,
1226 2151 1260 2206 ut
1278 2164 1342 2206 non
1357 2164 1434 2229 pro-

267 2245 340 2333 prio
358 2244 479 2329 Morte,
499 2269 600 2334 quum
617 2245 761 2311 Latinus
780 2251 809 2310 Α
826 2243 967 2311 eandem
985 2244 1156 2332 praebent,
1175 2242 1330 2333 repondit
1347 2244 1434 2309 enim

267 2348 360 2412 latin.
379 2347 494 2414 videre
511 2347 673 2414 festinatis
691 2370 757 2437 syr.
783 2348 943 2426 ..οοομίο
962 2339 1061 2438 Xolli.)
1080 2338 1265 2443 omi!
1288 2348 1379 2412 Arm.
1400 2356 1434 2413 et

266 2474 326 2516 vos
344 2450 516 2516 studuistis
525 2442 746 2547 (μυμῦ)
755 2474 909 2517 recreare
927 2474 980 2516 me
993 2450 1117 2541 legisse
1130 2450 1261 2516 videtur
1273 2450 1434 2516 ..siml

266 2577 327 2643 pro
347 2554 483 2633 ..οοομί
499 2554 647 2622 Peterm.
681 2552 743 2621 Vel
761 2555 936 2642 insequens
955 2555 1161 2620 enuntiatum
1180 2562 1231 2618 est
1248 2550 1432 2641 antapodo-

265 2668 336 2740 ton,
362 2658 428 2723 imo
453 2656 542 2746 opud
567 2658 698 2747 Syrum,
723 2658 779 2745 qui
797 2660 966 2723 Graecum
994 2667 1149 2723 accurate
1168 2656 1331 2745 exprimit,
1357 2679 1433 2722 eum

266 2762 370 2850 igitur
387 2761 497 2827 locum
515 2761 770 2850 praecedentem
787 2785 853 2826 non
871 2759 1064 2828 emendasse
1078 2761 1239 2844 videmus,
1259 2783 1325 2849 quo
1343 2758 1432 2827 lacto

266 2865 372 2930 textui
390 2887 443 2954 gr.
464 2889 538 2931 cum
557 2865 674 2931 Curet.
695 2875 729 2929 et
746 2865 840 2953 Lips.
866 2890 908 2950 με
926 2866 1008 2932 ἰδεῖν
1027 2862 1259 2932 ἐσπουδάσατε
1277 2871 1328 2930 est
1345 2864 1432 2930 inse-

161 3047 165 3052 .
267 2967 416 3034 rendum.

346 3121 429 3210 Cup.
455 3121 518 3189 111.
574 3123 768 3207 Πορέλαβου
799 3096 901 3198 31ςᾶ
931 3130 969 3186 ut
999 3120 1033 3186 in
1055 3119 1177 3188 Pesolr.
1202 3120 1286 3188 Mro.
1310 3122 1369 3203 14,
1396 3121 1432 3204 8,

256 3223 439 3309 ,oaxen
461 3227 569 3292 reor.
584 3226 715 3310 snm.
744 3201 954 3308 numiano»
971 3241 1011 3324 p
1023 3216 1086 3305 ln
1104 3223 1170 3292 viu.
1190 3248 1223 3313 p.
1245 3225 1306 3309 30,
1325 3223 1434 3311 rum,

265 3318 349 3447 lta,
364 3353 398 3416 p.
419 3329 480 3395 34.
514 3329 713 3414 Συντρέχυιν
730 3327 821 3416 φοοδ
837 3327 914 3396 Pol.
930 3329 952 3394 6
972 3328 1166 3418 exprimitur
1182 3319 1249 3426 123..
1266 3341 1320 3412 lux
1337 3333 1433 3426 ubios

265 3429 320 3497 hie
337 3441 389 3497 est
404 3422 549 3526 pail,
568 3430 657 3519 quod
676 3455 739 3498 vox
756 3453 883 3521 graeco
902 3455 967 3498 non
981 3454 1079 3498 sensu
1092 3432 1227 3521 proprio
1246 3441 1298 3498 est
1311 3432 1432 3520 posits,

265 3535 429 3624 interpres
446 3544 561 3600 noster
578 3557 644 3600 non
662 3534 831 3602 dormitet.

345 3689 430 3776 Cap.
456 3687 549 3754 VIII.
595 3685 680 3773 Ἔρις
709 3689 900 3773 deotpertus,
931 3689 963 3754 Β
992 3687 1155 3772 ἐπιθυμία
1184 3684 1323 3774 ὑπάρχει
1355 3687 1429 3776 Syr.

265 3782 411 3906 DQ<
427 3807 467 3890 ρ)
489 3781 541 3888 lp.
557 3782 614 3867 l:-
658 3793 749 3858 Arm.
768 3791 954 3881 plantatum
971 3789 1151 3878 quidquem
1166 3812 1185 3855 e
1198 3790 1431 3879 eoncupiscen-
1515 3813 1524 3830 ·

265 3894 321 3959 tiis
339 3892 464 3959 mundi.
519 3895 585 3970 Qui
625 3896 669 3961 sit
687 3896 864 3980 ἐυεὶρισται
889 3893 1022 3960 dilfioile
1040 3903 1092 3960 est
1109 3893 1212 3977 diotu,
1233 3892 1363 3959 videtur
1380 3917 1433 3960 re·

266 3997 339 4064 dire
357 3995 401 4063 ed
418 3998 569 4086 δυερὶζωο
595 3999 623 4064 si
646 3998 736 4065 nulla
760 3998 799 4064 lis
823 3999 857 4064 in
882 3998 974 4064 robis
999 3997 1162 4087 litigatur,
1190 4007 1224 4064 nt
1250 3995 1434 4087 perlectum

266 4099 368 4167 debet
384 4123 458 4168 esse
475 4100 680 4188 ἐυερὴρισται
704 4103 772 4168 sive
789 4101 977 4190 ἒνῆριστοιι,
1001 4111 1177 4190 praeterea
1201 4112 1236 4167 et
1259 4102 1431 4189 composit.

264 4205 395 4293 δυερῑζω
414 4203 504 4291 spud
521 4205 700 4292 scriptores
717 4227 784 4271 non
801 4205 976 4271 invenitur.
1011 4205 1124 4271 Latin.
1145 4208 1175 4270 Α
1194 4203 1364 4293 complexe
1383 4213 1435 4270 est

265 4317 301 4374 et
318 4309 349 4374 B
367 4302 509 4395 ὑπάρχει
533 4328 649 4372 vocem
673 4330 739 4372 non
763 4307 918 4373 videntur
943 4307 1155 4375 intellexisse.
1201 4307 1279 4374 Huc
1305 4306 1434 4375 secedit

265 4409 356 4496 quod
374 4411 440 4498 ἔρις
457 4413 488 4475 Α
505 4407 658 4476 videatur
675 4411 868 4499 genuinum,
894 4413 1043 4498 quamvis
1062 4415 1092 4478 B
1117 4421 1152 4478 et
1169 4411 1245 4500 Syr.
1271 4411 1435 4496 ἐπιθυμία

265 4514 462 4600 proebeant,
481 4511 557 4580 vide
576 4511 672 4579 mira.
726 4514 763 4578 Si
781 4524 807 4580 e'
818 4514 896 4602 Syri
922 4515 1072 4580 versione
1091 4512 1208 4603 eonjioi
1239 4514 1317 4580 lieet
1334 4513 1435 4580 lectio

265 4614 423 4702 primaria
440 4614 504 4684 tuit
519 4619 689 4709 ἐρρίζωται
701 4618 772 4684 sive
783 4618 1000 4708 δυερρίζωται,
1020 4617 1111 4705 φοοδ
1124 4617 1342 4708 compositum
1356 4615 1434 4682 olibi
