3500 5525
888 564 937 629 70

811 670 1014 679 ———-

328 806 403 873 libri
422 804 626 873 authentiam
643 806 850 893 comprobat.
879 800 957 869 Non
975 802 1079 892 igitur
1093 802 1281 869 dubitamus
1295 803 1374 890 quin
1393 802 1498 891 Syrus

328 910 392 977 hoo
409 909 484 977 loco
502 909 546 973 sit
563 930 710 989 mancus,
723 929 832 995 neque
844 906 957 975 ualent
975 915 1091 975 contra
1105 929 1176 991 nos,
1196 930 1282 994 quae
1296 906 1498 973 Curetonius

328 1037 361 1101 p.
383 1014 457 1079 310
477 1012 519 1077 de
536 1011 724 1077 discrimine
742 1010 820 1100 styli
845 1011 879 1077 in
896 1011 1059 1099 capitibus
1084 1010 1133 1077 his
1157 1032 1219 1098 pro
1244 1011 1364 1099 spuriis
1389 1011 1430 1075 ab
1455 1032 1497 1075 eo

328 1116 449 1182 habitis
467 1114 624 1182 disseruit
640 1113 684 1182 ai.
705 1124 741 1181 et
757 1114 886 1181 Introd.
905 1139 938 1203 p.
957 1114 1087 1181 XLIII.
1127 1113 1259 1181 Eodem
1277 1111 1376 1179 modo
1395 1136 1496 1179 enun-

327 1220 446 1285 tiatum
464 1217 555 1307 quod
573 1217 745 1307 praecedit
761 1218 850 1307 apud
868 1219 990 1307 Syrum
1015 1216 1033 1285 d
1056 1219 1243 1304 χριστιανός
1266 1216 1385 1283 ἑαυτοῦ
1410 1218 1497 1297 ἐξου-

326 1329 408 1389 σίαν
424 1320 481 1391 osis
499 1323 566 1404 ἔχει
589 1345 699 1410 neque
722 1345 798 1389 cum
816 1319 1093 1410 praecedentibus
1110 1342 1218 1408 neque
1237 1344 1312 1387 cum
1329 1320 1496 1407 sequenti-

327 1427 390 1491 bos
408 1425 578 1493 cohaeret.
620 1427 729 1495 Antea
746 1426 834 1493 enim
853 1424 1034 1493 secundum
1053 1426 1176 1514 Syrum
1195 1422 1325 1491 dixerat
1342 1424 1496 1511 scriptura

325 1527 605 1617 μακροθυμήσατε
625 1526 695 1614 μετ’
724 1526 874 1615 ἀλλήλων
895 1532 962 1597 κτλ.
989 1526 1127 1613 ὀναίμην
1152 1525 1242 1613 ὑμῶν
1273 1528 1329 1594 dcci
1359 1528 1496 1605 παντὸς,

327 1642 398 1699 tum
415 1632 567 1720 sequitur
583 1629 602 1700 ὁ
616 1633 803 1720 χριστιανὸς
815 1634 883 1699 κτλ.
898 1630 1041 1720 denique
1055 1628 1247 1715 ἀσπάζομαι
1263 1632 1323 1699 τὸν
1335 1632 1496 1715 μέλλοντα

327 1739 394 1803 κτλ.
448 1736 538 1803 Num
556 1734 637 1823 quid
655 1736 828 1824 abruptius
845 1758 920 1802 esse
937 1742 1073 1824 potestt
1101 1736 1172 1803 cur
1189 1756 1256 1803 non
1272 1733 1496 1822 Polycarpum

327 1838 466 1929 ejusque
482 1862 625 1929 gregem
643 1839 778 1923 salutat,
797 1839 857 1905 sed
875 1862 952 1905 eum
970 1848 1099 1906 tantum
1120 1840 1177 1925 qui
1195 1836 1404 1905 Antiochiam
1421 1838 1495 1904 mit-

326 1950 440 2009 teturt
466 1943 506 2009 ln
523 1943 716 2009 recensione
733 1966 857 2032 graeca
874 1966 955 2009 vero
974 1943 1180 2009 enuntiatum
1197 1940 1416 2028 ὁχριστιανός
1428 1943 1495 2007 κτλ.

327 2047 489 2135 optimum
507 2045 608 2113 hehet
631 2046 752 2113 locum.
805 2048 909 2115 Juhet
931 2047 1019 2113 enim
1044 2046 1196 2136 Ignatius
1221 2044 1369 2135 legatum
1396 2044 1494 2127 mitti,

327 2160 363 2215 et
379 2172 481 2237 quum
499 2149 607 2217 electo
630 2151 702 2217 viro
727 2173 845 2217 munus
870 2174 937 2217 non
963 2149 1061 2217 facile
1085 2149 1252 2230 obveniat,
1278 2148 1383 2230 addit,
1409 2148 1496 2214 chri-

326 2254 469 2319 stianum
486 2253 538 2321 sui
557 2253 659 2341 ipsius
677 2262 879 2341 potestatem
897 2276 963 2321 non
982 2254 1118 2334 habere,
1137 2252 1196 2319 sed
1215 2252 1278 2319 deo
1298 2250 1421 2317 debere
1438 2274 1495 2317 ra-

327 2379 417 2441 care,
436 2356 489 2423 cui
506 2356 691 2424 sententiae
708 2366 779 2423 tum
796 2358 882 2425 bene
900 2357 1098 2425 conveniunt
1119 2378 1206 2445 quae
1232 2365 1416 2443 sequuntur
1441 2382 1494 2421 πι-

326 2459 431 2529 orarios
448 2446 511 2544 yoib
527 2466 566 2554 τῇ
580 2459 687 2547 χάριτι
700 2460 750 2527 ὅτι
764 2465 891 2543 ἕτοιμοί
902 2463 978 2529 ἐστε
991 2465 1035 2535 εἰς
1049 2458 1284 2547 sanctienses»
1298 2457 1494 2545 ἆνηκοὺσαν.

327 2563 417 2629 Sane
441 2562 644 2630 admirabilis
667 2586 722 2631 ars
746 2563 993 2651 interpolatoris
1017 2572 1105 2631 esset
1129 2564 1156 2631 si
1180 2586 1301 2630 nexum
1326 2561 1495 2629 meliorem

326 2688 427 2753 quam
444 2667 586 2755 scriptor
610 2667 682 2755 ipse
705 2666 927 2754 produxisset.
974 2665 1043 2736 Sed
1067 2666 1151 2733 baec
1174 2666 1339 2733 sufficiant
1364 2666 1407 2733 de
1433 2666 1495 2733 hac

326 2770 477 2858 epistola,
503 2768 598 2860 cujus
623 2771 731 2839 exitus
754 2771 940 2840 luculenter
965 2771 1180 2856 demonstrat,
1208 2773 1329 2860 Syrum
1348 2771 1493 2860 origina-

325 2873 391 2942 lem
408 2872 548 2942 lormam
565 2898 631 2942 non
649 2874 818 2942 exhibere.
948 2939 950 2944 ,
1344 2881 1356 2890 “

622 3099 674 3170 Π,
720 3099 897 3192 Epistola
923 3100 972 3171 ad
997 3099 1196 3191 Ephesios.

402 3251 510 3317 Multo
528 3253 636 3343 magis
654 3277 754 3342 quam
772 3279 824 3344 ep.
845 3253 889 3319 ad
906 3253 982 3319 Pol.
1009 3254 1160 3320 mutilata
1179 3263 1229 3319 est
1247 3277 1299 3342 ep.
1320 3252 1364 3319 ad
1381 3253 1493 3342 Ephe-

325 3354 404 3436 sios,
424 3364 458 3420 et
476 3356 565 3420 utin
583 3355 669 3421 illius
687 3357 754 3422 fine
772 3380 875 3422 nexus
897 3366 1014 3444 ruptus
1033 3366 1094 3441 est,
1114 3357 1161 3422 sic
1185 3358 1218 3422 in
1242 3367 1313 3422 tota
1338 3356 1400 3422 hac
1425 3358 1494 3446 epi·

325 3455 412 3522 stola
436 3480 476 3523 ea
501 3481 588 3546 quae
614 3460 718 3548 Syrus
752 3459 887 3525 exhibet
910 3469 1067 3548 tanquam
1092 3458 1231 3550 disjecta
1257 3462 1404 3538 membra
1428 3484 1493 3526 non

324 3561 410 3626 hene
428 3561 515 3628 inter
532 3586 569 3629 se
587 3561 778 3633 cohaerent.
818 3563 850 3629 E
869 3587 965 3652 capp.
985 3561 1155 3630 II-VIH
1174 3565 1278 3652 Syrus
1296 3564 1376 3630 nihil
1394 3564 1495 3630 habet

323 3698 385 3764 nisi
402 3701 504 3766 rerba
521 3724 595 3790 cap.
614 3701 678 3768 111.
699 3719 828 3794 „prm
844 3693 989 3787 &abab
1004 3698 1056 3770 ..b
1072 3686 1170 3770 κου’,
1187 3698 1208 3778 ll
1227 3692 1437 3796 beroth&
1454 3692 1495 3778 ill

322 3793 418 3888 nus
435 3795 550 3924 lxo?
568 3806 745 3901 etms
762 3823 875 3897 eam
898 3796 988 3891 aaa
1014 3807 1114 3903 seps
1138 3797 1192 3884 ts
1208 3802 1305 3900 up»
1328 3806 1350 3872 i.
1378 3829 1408 3872 e.
1433 3804 1494 3871 sed

324 3907 478 3992 quoniam
498 3931 591 3974 amor
608 3932 673 3974 non
691 3909 769 3974 sinit
786 3932 840 3975 me
856 3918 971 3975 tacere
996 3906 1039 3972 de
1062 3909 1156 3974 vobis
1178 3918 1315 3996 propter
1333 3909 1397 3974 hoc
1415 3931 1493 3974 con-

323 4009 415 4075 stitui
434 4008 605 4077 adhortari
623 4035 682 4078 vos
699 4021 738 4077 ut
756 4033 893 4100 operam
911 4010 996 4077 detis
1015 4010 1177 4078 voluntati
1196 4009 1260 4078 dei.
1317 4012 1393 4084 Quo
1412 4032 1491 4075 vero

322 4111 406 4181 illud
422 4103 463 4189 ill
480 4123 533 4180 est
545 4113 781 4183 referendum?
809 4114 929 4202 Capite
947 4115 1053 4202 primo
1068 4115 1156 4181 enim
1170 4113 1312 4202 scriptor
1325 4112 1492 4202 explicue-

321 4227 387 4299 rat,
401 4216 566 4304 Ephesios
580 4219 625 4286 ad
638 4217 815 4285 ridendum
828 4240 906 4285 eum
919 4240 1128 4307 properasse,
1141 4229 1213 4286 tum
1226 4221 1376 4306 sequitur
1391 4241 1492 4284 anan-

321 4319 519 4407 tapodoton,
538 4321 621 4390 hoo:
651 4322 835 4410 Postquam
853 4345 938 4412 ergo
956 4322 1201 4392 multitudinem
1219 4333 1364 4390 vestram
1381 4323 1415 4386 in
1432 4343 1491 4386 no-

321 4422 409 4489 mine
427 4421 482 4490 dei
500 4426 613 4513 accepi
630 4426 665 4492 in
677 4426 837 4494 Onesimo
851 4435 915 4494 eto.
936 4448 1033 4514 quem
1049 4451 1107 4494 vos
1121 4426 1303 4496 secundum
1321 4425 1491 4492 Christum

321 4525 397 4595 volo
415 4549 530 4596 amare
547 4538 582 4596 et
599 4551 699 4618 quem
716 4554 775 4598 ros
793 4553 907 4598 omnes
932 4531 1030 4619 cupio
1053 4532 1203 4598 imitari.
1226 4579 1234 4595 .
1256 4577 1264 4595 .
1286 4577 1294 4596 .
1338 4529 1491 4617 Interpo-

324 4631 388 4699 sita
406 4630 527 4703 deinde
539 4643 591 4702 est
607 4633 805 4704 exclamatio
824 4634 928 4702 haec:
955 4634 1158 4704 Benedictus
1183 4634 1227 4701 sit
1251 4633 1308 4721 qui
1327 4656 1428 4722 quum
1447 4632 1491 4698 si-
