3500 5525
343 828 388 901 εἷς
405 824 520 903 δύσιν,
540 824 583 900 ,τό
601 824 697 891 δῦναι
727 823 763 890 id
781 823 872 913 quod
891 824 966 912 Syr.
986 825 1071 889 bene
1090 819 1216 907 reddit,
1249 823 1418 889 notionem
1436 840 1515 885 vero

344 928 499 1012 abeundi,
520 929 657 1016 quaein
676 929 770 993 dairas
788 928 882 1011 latet,
903 950 969 1016 syr.
995 943 1076 1005 aa
1100 926 1295 1007 nonhabet,
1316 943 1516 1014 quamquam

342 1034 412 1118 ὴὲ
429 1033 472 1098 sit
490 1033 600 1112 abire3
627 1032 713 1097 hene
730 1033 806 1121 Syr.
832 1040 867 1098 et
884 1033 974 1098 Arm.
996 1029 1122 1097 addunt
1144 1022 1228 1110 1...)
1257 1032 1290 1095 in
1313 1031 1381 1095 vita
1407 1027 1516 1093 verbis

344 1158 412 1223 „sp
426 1126 533 1222 long.
561 1134 729 1201 lohannes
742 1135 937 1219 Monachus,
953 1135 1009 1223 qui
1023 1134 1110 1200 hunc
1124 1134 1233 1199 locum
1247 1133 1363 1199 laudat
1377 1132 1513 1223 (Curet.

343 1263 377 1328 p.
399 1237 493 1330 207)
519 1262 594 1305 cum
616 1249 731 1305 nostra
754 1240 908 1305 versione
925 1238 1090 1320 convenit,
1114 1239 1258 1304 Severus
1283 1259 1363 1303 vero
1389 1245 1426 1301 nt
1443 1234 1516 1300 ubi-

344 1364 420 1430 que,
440 1344 488 1408 sic
506 1356 540 1409 et
557 1343 612 1408 hic
630 1345 670 1408 ab
691 1366 731 1408 ea
744 1341 885 1424 recedit,
905 1342 1019 1407 scribit
1037 1342 1123 1407 enim
1140 1338 1324 1441 pounb
1341 1360 1397 1415 ..α
1414 1330 1517 1419 lm

343 1438 481 1526 lum:
500 1446 648 1544 ...umbo
666 1436 720 1525 lior
738 1437 821 1526 Ιώ
844 1444 977 1535 Epithr.
998 1446 1104 1511 Serm.
1126 1446 1241 1511 Curet.
1261 1468 1294 1535 p.
1317 1446 1390 1509 215
1410 1442 1432 1507 l.
1456 1442 1515 1508 18.

424 1618 508 1705 Cap.
527 1616 591 1683 HI.
646 1618 848 1686 Βασκαίνειν
871 1615 1024 1683 redditur
1047 1628 1147 1699 tom.
1163 1615 1252 1683 utin
1269 1633 1336 1681 uuo
1354 1613 1441 1697 loco,
1459 1612 1517 1679 ubi

344 1720 509 1787 invenitur
527 1722 561 1788 in
578 1719 699 1787 Pesch.
720 1720 797 1788 Gal.
819 1721 854 1804 3,
880 1724 910 1787 l.
955 1720 1067 1787 Verba
1086 1717 1206 1795 deinde
1224 1719 1285 1802 ἐγώ
1305 1719 1340 1785 dt
1358 1720 1447 1785 θέλω
1468 1754 1516 1767 «-

344 1825 533 1893 ἐντέλλεσόε
551 1846 627 1891 cum
642 1826 729 1913 Syro
746 1834 782 1891 et
795 1825 886 1891 hrm.
907 1823 1040 1889 omittit.
1070 1822 1180 1891 Verba
1194 1821 1269 1891 adra
1281 1819 1398 1899 πιστός
1413 1816 1516 1913 (εἰμι)

344 1928 421 1995 Joh.
441 1927 622 1995 Monachus
648 1951 723 1995 cum
741 1930 828 2017 Syro
856 1939 971 1993 nostro
998 1926 1194 1995 conveniens
1227 1927 1344 2007 affert,
1377 1923 1517 1991 eandem

344 2031 448 2119 igitur
467 2032 650 2097 versionem
669 2042 720 2097 est
737 2040 883 2097 secutus.
936 2030 1007 2096 Pro
1035 2026 1131 2099 οὐδὲν
1155 2029 1359 2113 φαινόμενον
1383 2026 1519 2093 αἰώνιον

344 2136 421 2221 Syr.
441 2143 476 2199 et
494 2135 584 2200 Arm.
604 2134 729 2201 habent
745 2136 869 2201 bonum
886 2142 978 2213 a&
990 2154 1062 2220 corp
1080 2125 1197 2219 ll-Ml
1216 2129 1381 2246 Kb&
1401 2131 1517 2197 Timo-

344 2237 441 2303 theus
459 2236 554 2306 Alex.
575 2238 692 2304 Curet.
713 2262 745 2325 p.
759 2240 846 2320 210,
864 2238 888 2303 Ι,
900 2240 947 2303 20
967 2236 1062 2326 cujus
1081 2247 1191 2303 textus
1210 2258 1285 2303 cum
1303 2235 1419 2304 Severi
1437 2256 1516 2299 con-

345 2341 436 2407 venit
465 2350 501 2407 et
530 2340 594 2407 hoc
623 2340 699 2407 loco
722 2364 743 2406 a
768 2342 844 2429 Syr.
879 2350 993 2407 nostro
1025 2340 1154 2409 recedit
1183 2340 1330 2407 scribens
1350 2352 1428 2437 top
1451 2334 1518 2407 h&

343 2436 451 2523 lm
463 2435 585 2524 tlt-t·
597 2435 678 2524 bb
691 2435 829 2519 unct!
841 2462 883 2543 ρ
896 2436 1115 2524 μω»
1128 2439 1294 2557 'm‘ssh
1316 2434 1385 2528 -llo
1399 2434 1516 2526 lma

345 2548 457 2615 Verba
475 2572 495 2615 a
509 2550 595 2637 Syro
614 2547 735 2613 omissa
748 2549 790 2614 τὰ
803 2549 864 2633 γὰρ
876 2545 1063 2631 βλεπόμενα
1077 2550 1144 2613 κτλ.
1169 2546 1415 2635 interpolatoris
1427 2554 1517 2626 sunt,

346 2652 489 2738 repetita
507 2651 689 2717 secundum
706 2673 832 2717 morem
850 2649 923 2739 ejus
942 2650 1053 2717 eloco
1074 2651 1186 2717 2Οοτ.
1207 2654 1243 2735 4,
1266 2651 1324 2733 18,
1343 2672 1452 2737 neque
1468 2647 1517 2713 le-

344 2764 472 2844 guntur
490 2753 580 2846 apud
599 2754 813 2822 Timotheum
831 2754 853 2824 l.
875 2754 897 2822 l.
918 2778 1027 2844 neque
1045 2753 1134 2844 opud
1152 2754 1243 2820 Arm.
1268 2756 1300 2836 l,
1322 2756 1356 2839 2,
1374 2752 1454 2820 Lat.
1478 2754 1515 2818 A.

346 2858 428 2925 Voci
445 2852 556 2942 lna-2,
576 2881 675 2948 quam
693 2859 771 2926 Lat.
795 2867 835 2939 A,
855 2860 944 2928 Tim.
964 2859 987 2928 l.
1002 2859 1025 2925 l.
1045 2860 1136 2926 Arm.
1154 2861 1175 2924 2
1195 2858 1319 2925 hahent
1337 2855 1518 2946 respondet

345 2963 407 3028 Gr.
429 2965 658 3049 Βπεισμονὴ,
677 2962 768 3052 quod
791 2987 852 3052 pro
879 2963 988 3050 σιωπή
1009 2961 1235 3052 reponendum
1262 2971 1325 3043 est,
1351 2983 1417 3028 uno
1441 2959 1516 3026 loco

345 3067 403 3132 ubi
421 3065 583 3153 πεισμονῆ
608 3078 661 3134 est
678 3069 712 3134 in
729 3067 851 3134 Pesch.
872 3066 949 3133 Gal.
972 3070 1007 3150 5,
1028 3069 1050 3133 S
1069 3068 1210 3134 vertitur
1226 3057 1343 3146 lon-2».
1381 3065 1471 3130 Arm.
1496 3063 1513 3128 l

346 3168 429 3236 lalsa
449 3170 555 3235 versio
571 3171 779 3260 „vauitatis⁶‘
793 3169 891 3236 facile
905 3170 1100 3258 explicatur,
1115 3193 1176 3260 pro
1192 3161 1292 3250 lm&
1305 3168 1390 3258 legit
1401 3159 1518 3249 litt-zm

347 3305 416 3369 sive
433 3297 584 3384 ΙΔ-θω.
611 3306 761 3372 Peterm.
786 3307 899 3372 Verba
912 3305 1028 3372 ultima
1044 3279 1124 3387 l&
1140 3280 1198 3385 bh
1214 3278 1303 3394 ffip
1316 3281 1359 3388 lxi
1375 3303 1453 3371 Lat.
1477 3309 1517 3382 A,

213 3474 217 3480 ,
346 3410 437 3474 Arm.
461 3411 477 3473 l
502 3420 536 3475 et
556 3408 577 3473 2
597 3409 765 3493 exhibent,
792 3432 855 3474 nec
873 3407 969 3475 deest
987 3409 1185 3477 Timotheus
1203 3409 1297 3500 cujus
1316 3412 1417 3477 verba
1435 3409 1520 3474 haec

346 3522 442 3579 sunt:
487 3503 683 3609 itm-posto
714 3503 852 3590 enon!
874 3504 988 3600 tiozo
1011 3505 1052 3591 tl
1085 3505 1214 3601 don-2³2
1239 3533 1294 3590 σοι
1317 3507 1392 3614 Ιρι
1409 3506 1516 3593 root

348 3607 431 3696 inu
448 3632 488 3716 ῳ
504 3607 637 3704 lom,
656 3610 772 3693 eost.
826 3618 893 3700 un,
913 3627 1073 3706 quantum
1092 3617 1283 3684 discrimen!

425 3773 510 3861 Cap.
530 3771 579 3838 IV
598 3795 617 3837 a
636 3773 860 3862 compluribus
879 3771 1035 3840 laudatur
1052 3773 1267 3863 scriptoribus
1287 3783 1320 3840 et
1338 3795 1440 3862 quum
1458 3770 1518 3836 hu-

347 3898 472 3962 cusque
490 3875 584 3942 nobis
598 3873 670 3962 jam
688 3877 961 3964 persuaserimus‚
990 3875 1155 3964 duplicem
1180 3876 1374 3968 fragmentis
1393 3873 1518 3942 servari

346 3978 542 4059 versionem,
576 3976 715 4044 alteram
754 3979 979 4063 Seuerianam,
1013 3978 1152 4058 alteram
1184 4003 1259 4046 cum
1290 3981 1376 4070 Syro
1401 3979 1516 4043 Curet.

347 4080 607 4161 convenientem,
622 4078 693 4169 jam
711 4081 764 4146 hic
778 4080 821 4148 de
834 4081 934 4146 variis
948 4079 1144 4173 fragmentis
1159 4105 1262 4173 agere
1276 4081 1516 4148 constituimus.

346 4186 496 4252 Primum
514 4181 634 4274 fragm.
655 4185 771 4249 Curet.
796 4209 829 4272 p.
853 4185 926 4251 296
956 4208 1032 4252 cum
1055 4195 1150 4252 textu
1173 4197 1288 4252 nostro
1314 4183 1357 4250 ad
1382 4184 1519 4248 verbum

347 4288 418 4354 lere
435 4288 600 4372 convenit,
615 4287 750 4375 scriptio
768 4287 937 4354 interdum
950 4287 1117 4378 discrepat
1131 4314 1205 4381 eg.
1226 4281 1247 4371 lt
1263 4281 1302 4372 12
1294 4335 1318 4410 Δ
1334 4309 1395 4376 pro
1413 4274 1452 4361 hl
1464 4273 1520 4401 bs

349 4417 427 4489 etc,
447 4405 598 4472 ordinem
616 4405 794 4495 aliquando
812 4409 979 4476 inversum
997 4412 1146 4499 praebet,
1161 4434 1222 4501 per
1236 4429 1384 4478 errorem
1398 4402 1521 4469 omittit

347 4566 361 4632 2
379 4546 413 4610 in
431 4543 540 4610 verbis
561 4534 649 4623 loord
666 4563 866 4629 amm,
892 4545 1035 4634 denique
1057 4571 1118 4637 pro
1142 4538 1228 4630 llo
1252 4547 1354 4613 hahet
1375 4535 1521 4624 lnam.

355 4647 545 4717 Secundum
562 4647 682 4740 fragm.
702 4649 821 4716 eodem
838 4649 939 4718 modo
953 4660 1087 4718 nostrae
1100 4652 1243 4720 versioni
1261 4661 1313 4718 est
1330 4646 1520 4716 adscriben-
