3500 5525
882 568 904 633 6

308 808 391 874 κατὰ
408 808 544 893 χριστὸν
560 806 724 890 vixerunt,
745 816 780 873 et
799 830 905 895 aeque
924 816 1024 895 atque
1042 806 1114 895 ipse
1134 810 1174 873 ab
1193 807 1353 874 Israelitis
1373 808 1478 874 multa

309 911 396 977 mala
415 921 491 977 sunt
508 911 597 999 passi
614 912 696 977 Jesu
715 910 833 999 spiritu
851 911 957 976 inflati
974 910 1062 977 Phil.
1085 905 1158 1002 5¹).
1191 912 1325 979 Novum
1344 922 1396 978 est
1413 910 1478 978 fer-

309 1024 456 1080 mentum
475 1025 510 1080 et
526 1037 648 1079 novum
666 1015 807 1097 initium,
832 1012 927 1102 cujus
946 1015 1003 1102 qui
1021 1038 1140 1081 nomen
1158 1038 1224 1081 non
1242 1017 1385 1100 invocat,
1412 1038 1478 1081 non

310 1128 362 1185 est
378 1117 456 1200 Dei,
475 1118 568 1207 Mgn.
590 1120 646 1183 10.
674 1118 744 1183 Per
762 1116 833 1207 ejus
852 1127 993 1183 mortem
1010 1141 1096 1184 nova
1114 1120 1209 1184 nobis
1228 1118 1307 1185 data
1328 1129 1378 1186 est
1396 1120 1476 1203 vita,

310 1232 345 1288 et
362 1221 641 1309 quemadmodum
660 1220 830 1288 Christum
846 1222 1057 1287 resuscitavit
1073 1231 1171 1310 pater
1188 1223 1282 1311 Mgn.
1302 1226 1360 1305 ll,
1380 1222 1427 1287 sic
1445 1233 1479 1288 et

309 1348 369 1391 nos
387 1326 609 1409 resuscitabit,
628 1324 761 1413 quando
779 1326 811 1389 in
831 1324 1001 1391 Christum
1019 1325 1195 1392 credimus.
1225 1326 1287 1393 Tr.
1308 1328 1343 1392 9.

387 1428 442 1493 De
459 1430 622 1517 regimine
640 1428 865 1495 ecclesiastico
884 1428 1045 1516 epistolae
1064 1428 1147 1494 haec
1172 1428 1311 1497 docent:
1338 1429 1462 1518 Episco

311 1552 385 1619 pus,
406 1555 425 1597 a
445 1532 579 1597 Christo
600 1541 634 1597 et
650 1531 727 1596 Deo
745 1532 816 1620 ipso
834 1532 1015 1616 institutus,
1042 1530 1154 1598 Phild.
1179 1534 1195 1597 l
1225 1542 1276 1598 est
1300 1544 1400 1621 caput
1423 1556 1478 1599 ec-

310 1633 433 1700 clesiae
465 1644 517 1699 ut.
530 1634 617 1700 deus
648 1634 781 1715 mundi,
813 1634 911 1722 eique
941 1634 1163 1701 obediendum
1189 1646 1302 1702 estut
1326 1636 1479 1701 Christus

311 1736 399 1828 (Sm.
422 1735 464 1827 8)
483 1740 570 1827 patri
589 1737 746 1804 obedivit.
775 1738 843 1805 Ubi
861 1739 1036 1827 episcopus
1054 1750 1205 1827 apparet,
1232 1740 1277 1805 ibi
1303 1739 1479 1805 multitudo

311 1840 412 1908 debet
430 1866 516 1924 esse,
535 1842 634 1929 sicuti
649 1843 708 1908 ubi
722 1851 773 1907 est
788 1841 952 1925 Christus,
972 1843 1016 1907 ibi
1036 1842 1176 1908 ecclesia
1195 1842 1370 1909 catholica.
1400 1844 1479 1909 Sine

310 1945 467 2034 episcopo
485 1969 593 2034 neque
612 1945 845 2012 eucharistiam
870 1945 1045 2014 celebrare.
1068 1968 1130 2013 nec
1154 1948 1325 2037 baptizare
1350 1941 1478 2037 licet9),

310 2070 397 2135 quae
415 2047 471 2114 ille
489 2050 727 2137 comprobavit,
755 2072 795 2115 ea
814 2048 896 2114 deus
915 2050 1047 2137 probat,
1073 2047 1153 2113 nihil
1172 2051 1303 2115 omnino
1323 2050 1393 2115 sine
1412 2050 1480 2139 epi-

310 2174 412 2239 scopo
431 2162 483 2218 est
501 2151 668 2241 agendum
686 2154 755 2218 Sm.
778 2154 812 2220 8.
857 2152 969 2219 Deum
994 2163 1029 2218 11
1052 2154 1242 2241 episcopum
1262 2153 1359 2219 decet
1377 2153 1480 2219 hono-

310 2276 399 2337 rare,
419 2254 476 2343 qui
495 2255 686 2343 episcopum
703 2255 857 2336 honorat,
877 2280 896 2321 a
914 2256 990 2323 Deo
1009 2256 1204 2338 honoratur,
1232 2258 1288 2344 qui
1307 2256 1392 2323 elam
1411 2258 1480 2345 epi-

310 2380 413 2445 scopo
438 2358 564 2445 aliquid
586 2359 741 2438 instituit,
767 2360 912 2425 Satanae
937 2370 987 2425 est
1012 2382 1127 2427 servus
1151 2361 1219 2426 Sm.
1242 2362 1277 2443 9,
1305 2361 1366 2427 Tr.
1388 2365 1422 2443 2,
1443 2362 1478 2442 3,

309 2461 512 2549 111116,
533 2466 566 2528 7.
613 2462 681 2537 Qui
698 2462 853 2550 episcopo
881 2462 1090 2551 obtemperat
1113 2474 1151 2529 ut
1170 2464 1316 2548 Christo,
1344 2488 1408 2529 non
1427 2486 1478 2528 se-

311 2563 455 2631 cundum
472 2564 637 2631 hominem
656 2564 717 2633 sed
734 2565 916 2631 seeundum
935 2565 1105 2632 Christum
1127 2567 1216 2633 vivit.
1263 2568 1370 2633 Nemo
1397 2568 1477 2631 abu-

310 2678 403 2747 tatur
420 2669 569 2757 episcopi
586 2669 810 2736 adolescentia
827 2670 921 2757 Mgn.
943 2669 977 2753 3,
1006 2668 1066 2735 sed
1084 2667 1131 2737 illi
1150 2670 1259 2754 cedat,
1284 2694 1350 2738 non
1369 2680 1478 2735 autem

310 2771 358 2837 illi
376 2771 447 2857 sed,
466 2772 542 2839 D'eo
559 2774 653 2863 Mgn.
676 2777 710 2857 2,
728 2773 817 2839 Phil.
839 2776 880 2853 63
908 2795 1019 2840 coram
1044 2774 1200 2864 episcopo
1225 2786 1260 2841 11
1276 2774 1480 2864 presbyteris

312 2885 347 2941 et
364 2877 566 2964 poenitentia
586 2888 638 2944 est
660 2876 874 2944 instituenda.
902 2876 990 2944 Phil.
1012 2879 1046 2946 8.
1074 2879 1177 2945 Juxta
1195 2879 1385 2966 episcopum
1404 2887 1481 2942 sunt

310 2981 497 3070 presbyteri
515 2981 609 3070 hlgn.
630 2983 665 3065 2,
688 2985 722 3066 7,
742 2981 816 3047 Trl.
838 2983 873 3066 3,
899 2981 956 3070 qui
979 2981 1012 3048 in
1036 2981 1110 3048 loco
1136 2981 1364 3070 apostolorum
1390 2990 1478 3062 sunt,

309 3095 445 3172 praeter
469 3107 553 3172 quos
579 3095 614 3150 et
639 3085 769 3150 diaconi
793 3109 930 3152 munere
955 3084 1179 3152 ecclesiastico
1203 3085 1398 3175 funguntur,
1423 3084 1480 3171 qui

310 3210 439 3253 sacram
459 3209 599 3252 coenam
617 3187 781 3253 adornant
796 3188 870 3254 Trl.
889 3192 923 3253 2.
952 3187 1014 3254 Vel
1029 3188 1230 3256 diaconissas
1249 3189 1350 3256 fuisse
1368 3187 1479 3255 eloco

311 3290 397 3356 Smr.
422 3291 579 3356 1311111
602 3287 771 3377 conjicias,
797 3291 855 3354 ubi
872 3291 975 3356 verba
999 3290 1037 3354 ai
1058 3297 1225 3376 παρθένοι
1250 3291 1289 3356 oi
1309 3291 1480 3373 λεγόμεναι

309 3398 406 3479 χῆραι
429 3392 515 3458 hanc
539 3394 727 3482 opinionem
750 3392 936 3464 luculenter
960 3393 1100 3458 innuunt
1124 3391 1185 3484 (11.
1206 3392 1362 3460 viduatae
1382 3395 1477 3460 Tert.

311 3495 354 3561 de
371 3519 467 3586 vrgn.
487 3496 550 3562 vel.
573 3495 627 3587 9).
655 3496 826 3584 Episcopi,
852 3497 1052 3585 presbyteri,
1078 3495 1209 3562 diaconi
1227 3496 1381 3563 distincte
1399 3521 1480 3563 enu-

310 3610 480 3666 merantur
498 3601 584 3666 Smr.
608 3604 666 3684 12,
686 3600 748 3665 Tr.
770 3604 804 3684 2,
829 3600 876 3666 111
902 3609 940 3665 ut
958 3599 1001 3666 de
1019 3622 1134 3665 eorum
1153 3599 1341 3668 discrimine
1359 3603 1392 3667 in
1411 3602 1479 3690 epi-

310 3704 403 3770 stolis
421 3704 472 3770 his
489 3714 617 3770 statuto
635 3703 771 3770 dubium
790 3727 864 3770 esse
882 3727 947 3771 non
966 3704 1081 3792 possit.

386 3808 570 3874 Praeterea
583 3807 706 3874 multus
725 3818 776 3874 est
789 3809 932 3896 scriptor
946 3809 979 3872 in
993 3806 1169 3889 monendo,
1188 3817 1227 3873 ut
1244 3809 1353 3874 unitas
1372 3807 1478 3874 eccle-

309 3911 378 3976 siae
395 3923 565 3992 servetur3
594 3912 703 3976 omnia
721 3912 754 3976 in
773 3934 900 3976 summa
927 3908 1088 3977 ecclesiae
1113 3911 1291 3978 concordia
1317 3921 1479 3997 11111111-

308 4012 425 4096 reuda,
443 4016 544 4080 immo
562 4014 724 4080 ecclesiae
742 4014 834 4080 notio
854 4013 979 4080 diserte
993 4016 1189 4103 proponitur
1203 4016 1264 4082 Tr.
1282 4017 1317 4096 8,
1337 4013 1479 4098 denique

309 4118 468 4184 haeretici
486 4128 521 4184 et
538 4118 739 4184 schismatici
757 4128 795 4183 ut
812 4117 940 4182 bestiae
958 4129 1036 4184 sunt
1053 4119 1190 4204 vitandi,
1219 4128 1254 4183 et
1272 4124 1387 4205 aperte
1405 4124 1478 4179 tan-

308 4245 408 4309 quam
440 4221 562 4287 diversi
588 4221 838 4310 distinguuntur
862 4219 951 4286 Phil.
980 4223 1001 4287 3
1031 4220 1396 4310 irepodtdacxalmivrac
1425 4225 1480 4284 καὶ

308 4330 483 4406 σχίζοντες.

383 4573 408 4640 ¹)
426 4573 471 4626 Sic
489 4575 563 4626 etin
581 4589 655 4628 novo
674 4578 840 4628 testamento
858 4579 911 4630 aet.
930 4573 973 4642 28,
992 4571 1035 4638 25,
1053 4571 1137 4624 Hebr.
1154 4570 1180 4639 3,
1198 4571 1229 4641 73
1247 4571 1272 4641 9,
1290 4570 1316 4626 8.

379 4660 410 4726 ¹)
426 4658 468 4714 Cl.
487 4659 601 4714 Tertull.
620 4660 655 4714 de
672 4661 747 4730 bapt
767 4660 807 4714 17.
