3500 5525
678 1794 828 1879 Caput
848 1802 1055 1879 primum.

326 1972 608 2097 Argumentum
639 1975 679 2071 et
710 1974 840 2071 torma
871 1974 1131 2099 epistolarum
1161 2000 1405 2097 graecarum.

280 2232 433 2360 Duplex
452 2282 504 2338 est
521 2294 587 2353 res,
612 2280 750 2359 propter
774 2292 874 2357 quam
892 2269 1044 2337 doctrina
1068 2270 1283 2359 epistolarum
1301 2272 1451 2363 Ignatia-

282 2398 399 2441 uarum
417 2384 602 2441 memoratu
620 2373 752 2441 videtur
770 2372 976 2463 dignissima,
995 2397 1188 2463 numquam
1207 2376 1240 2441 iu
1255 2378 1374 2443 ceteris
1393 2378 1450 2464 qui

282 2478 437 2545 dicuutur
454 2488 585 2567 patrum
604 2476 860 2566 apostolicorum
876 2477 968 2543 libris
988 2476 1030 2543 de
1044 2479 1206 2568 regimine
1225 2479 1449 2546 ecclesiastico

281 2594 317 2649 et
333 2581 377 2649 de
391 2582 526 2649 Christo
544 2591 702 2669 tanquam
720 2581 801 2670 logo
818 2580 900 2647 nihil
918 2579 989 2647 fere
1008 2592 1128 2665 exstet,
1148 2581 1239 2649 hisce
1257 2582 1289 2649 in
1308 2606 1449 2671 opuscu-

281 2687 320 2753 lis
339 2685 424 2752 adeo
442 2685 475 2750 in
493 2684 557 2751 hoc
575 2695 772 2777 argumento
797 2694 950 2751 versatur
965 2685 1125 2776 scriptor,
1154 2698 1192 2751 ut
1208 2685 1289 2753 nihil
1307 2687 1450 2762 nisihoc

279 2793 450 2858 continere
468 2788 654 2856 videantur.

360 2894 460 2968 Quod
485 2893 626 2981 primum
653 2891 782 2957 adtinet
806 2891 849 2955 ad
879 2891 1129 2980 christologiam
1154 2915 1268 2958 carum
1293 2893 1449 2981 epistola-

281 3020 367 3078 rum,
386 3018 469 3082 quas
488 3018 613 3083 graece
636 3003 765 3060 tautum
792 2993 963 3076 habemus,
987 2993 1093 3078 Deus,
1119 2996 1176 3082 qui
1193 3005 1245 3060 est
1262 3017 1363 3078 uuus,
1390 3019 1450 3083 per

281 3102 397 3166 Jesum
416 3097 586 3164 Christum
602 3097 718 3181 filium,
736 3095 794 3182 qui
813 3106 891 3161 aute
909 3097 1018 3162 omnia
1043 3097 1175 3163 saecula
1203 3097 1293 3186 apud
1320 3110 1450 3187 patrem

282 3201 345 3268 tuit
361 3201 454 3290 Mgn.
476 3201 512 3284 6,
530 3201 589 3289 qui
606 3211 659 3266 est
675 3201 774 3289 logos
792 3198 973 3281 invisibilis,
1001 3201 1057 3288 qui
1075 3202 1225 3266 omnibus
1243 3202 1342 3267 rebus
1361 3203 1449 3290 patri

282 3307 367 3372 hene
385 3303 511 3393 placuit
528 3305 621 3393 Mgn.
638 3305 674 3385 8,
692 3325 801 3390 neque
819 3301 1000 3391 quidquam
1019 3305 1089 3370 sine
1106 3316 1202 3392 patre
1219 3303 1298 3372 iecit
1315 3306 1408 3396 Mgu.
1426 3309 1447 3371 7

282 3432 383 3497 quum
401 3419 531 3495 tempus
548 3407 713 3496 repletum
730 3417 819 3472 esset
836 3430 910 3474 sese
932 3406 1164 3474 manifestavit.
1220 3408 1372 3476 Christus
1392 3433 1449 3498 ap-

281 3512 391 3602 paruit
408 3513 442 3577 in
459 3511 595 3593 mundo,
613 3521 652 3576 ut
669 3511 769 3578 deum
786 3511 963 3591 revelaret,
983 3533 1062 3578 vere
1080 3521 1131 3578 cst
1149 3522 1256 3595 natus,
1277 3535 1356 3579 rere
1373 3535 1448 3600 paa-

281 3640 349 3697 sus‚
367 3638 446 3680 vere
463 3614 646 3682 resurrexit
669 3640 689 3681 a
707 3614 857 3680 mortuis.
894 3614 987 3702 Mgrr.
1009 3617 1044 3697 8,
1065 3617 1100 3698 9,
1126 3615 1212 3681 Smr.
1237 3617 1347 3699 1-8,
1374 3616 1447 3683 '1¹r1.

284 3721 343 3784 10.
398 3718 568 3784 Oriundus
587 3727 638 3784 est
655 3719 753 3784 Jesus
771 3739 791 3782 e
809 3718 912 3805 stirpe
930 3715 1052 3799 David,
1079 3726 1174 3782 natus
1193 3741 1212 3782 e
1231 3719 1370 3806 virgine,
1389 3721 1449 3784 hu-

281 3822 425 3910 ptizatus
443 3844 463 3886 a
481 3821 644 3905 Johanne,
670 3832 709 3887 ut
734 3820 839 3886 omnis
853 3818 984 3908 justitia
1009 3819 1202 3908 impleretur
1226 3821 1307 3887 Mth.
1331 3823 1365 3902 3,
1391 3825 1447 3904 15,

281 3923 402 3991 deinde
420 3924 481 3990 sub
499 3925 622 3991 Pontio
648 3925 759 3990 Pilato
784 3934 820 3989 et
840 3922 980 3990 Herode
1005 3923 1173 3990 tetrarcha
1199 3925 1374 3990 crucifixus
1398 3937 1449 3991 est

280 4051 342 4117 pro
360 4029 454 4095 uobis
471 4027 505 4094 iu
524 4051 634 4111 carue,
661 4027 752 4116 quod
769 4050 835 4094 nou
859 4028 943 4092 κατὰ
961 4028 998 4094 τὸ
1016 4029 1135 4106 δοκεῖν,
1160 4026 1220 4093 sed
1244 4051 1282 4095 re
1300 4051 1378 4094 vera
1397 4039 1450 4095 est

280 4131 404 4198 tactum
423 4133 532 4198 Smru.
556 4134 667 4198 1-2.
712 4129 813 4206 Quod
831 4142 869 4196 ut
893 4155 934 4197 eo
959 4130 1065 4220 magis
1084 4129 1242 4197 defendat
1260 4156 1279 4197 a
1297 4131 1447 4214 Docctis,

281 4234 375 4302 addit
393 4235 454 4302 Tr.
472 4238 493 4301 9
509 4235 679 4301 Christum
696 4255 775 4298 vere
789 4232 897 4300 edisse
916 4256 956 4300 ao
972 4234 1094 4302 bibisse
1113 4243 1147 4300 et
1163 4234 1356 4300 crucifixum
1375 4257 1448 4301 esse

279 4362 392 4405 coram
406 4336 852 4422 coelestibus,terrestribus,
868 4335 1095 4420 infernalibus,
1111 4337 1210 4403 immo
1226 4340 1266 4404 ab
1281 4339 1353 4429 ipso
1368 4340 1449 4406 scri-

280 4450 376 4529 ptore
403 4452 480 4531 post
505 4441 782 4508 resurrectionem
809 4439 915 4506 visum
949 4465 1021 4508 esse
1057 4463 1097 4506 ac
1122 4440 1283 4508 creditum
1312 4444 1381 4509 Sm.
1412 4443 1446 4509 3.

282 4543 452 4610 Christum
465 4569 531 4613 non
545 4545 657 4612 dicere
671 4541 882 4632 σαρκοφόρον
893 4546 1035 4611 maxima
1048 4553 1098 4610 est
1112 4545 1315 4634 blasphemia
1329 4547 1398 4612 Sm.
1412 4549 1446 4612 5.
1505 4627 1511 4641 ,

281 4643 336 4712 De
361 4647 495 4714 Christo
516 4647 586 4738 jam
611 4649 796 4740 prophetae
825 4659 902 4715 sunt
926 4647 1096 4716 vaticinati
1118 4649 1211 4740 Mgn.
1233 4653 1268 4735 8,
1299 4649 1356 4738 qui
1376 4647 1446 4738 jam
