<?xml version="1.0" encoding="UTF-8"?>
<!DOCTYPE html PUBLIC "-//W3C//DTD XHTML 1.0 Transitional//EN"
    "http://www.w3.org/TR/xhtml1/DTD/xhtml1-transitional.dtd">
<html xmlns="http://www.w3.org/1999/xhtml" xml:lang="en" lang="en">
 <head>
  <title>
</title>
<meta http-equiv="Content-Type" content="text/html;charset=utf-8" />
  <meta name='ocr-system' content='tesseract 3.04.00' />
  <meta name='ocr-capabilities' content='ocr_page ocr_carea ocr_par ocr_line ocrx_word'/>
</head>
<body>
  <div class='ocr_page' id='page_1' title='image "./meletemataignat00merxgoog_0087.png"; bbox 0 0 3500 5525; ppageno 0'>
   <div class='ocr_carea' id='block_1_1' title="bbox 797 580 845 644">
    <p class='ocr_par' dir='ltr' id='par_1_1' title="bbox 797 580 845 644">
     <span class='ocr_line' id='line_1_1' title="bbox 797 580 845 644; baseline 0 0"><span class='ocrx_word' id='word_1_1' title='bbox 797 580 845 644; x_wconf 81' lang='lat'><strong>79</strong></span> 
     </span>
    </p>
   </div>
   <div class='ocr_carea' id='block_1_2' title="bbox 663 852 978 958">
    <p class='ocr_par' dir='ltr' id='par_1_2' title="bbox 663 852 978 958">
     <span class='ocr_line' id='line_1_2' title="bbox 663 852 978 958; baseline -0.003 -26"><span class='ocrx_word' id='word_1_2' title='bbox 663 852 978 958; x_wconf 76' lang='lat' dir='ltr'>Epilogus,</span> 
     </span>
    </p>
   </div>
   <div class='ocr_carea' id='block_1_3' title="bbox 236 1005 1417 3996">
    <p class='ocr_par' dir='ltr' id='par_1_3' title="bbox 236 1005 1417 3996">
     <span class='ocr_line' id='line_1_3' title="bbox 313 1005 1405 1097; baseline -0.008 -17"><span class='ocrx_word' id='word_1_3' title='bbox 313 1015 390 1080; x_wconf 90' lang='lat' dir='ltr'><strong>Jam</strong></span> <span class='ocrx_word' id='word_1_4' title='bbox 408 1010 451 1078; x_wconf 82' lang='lat' dir='ltr'><strong>ad</strong></span> <span class='ocrx_word' id='word_1_5' title='bbox 469 1011 567 1077; x_wconf 87' lang='lat' dir='ltr'><strong>finem</strong></span> <span class='ocrx_word' id='word_1_6' title='bbox 586 1008 823 1097; x_wconf 77' lang='lat' dir='ltr'><strong>disquisitionis</strong></span> <span class='ocrx_word' id='word_1_7' title='bbox 847 1017 982 1075; x_wconf 86' lang='lat' dir='ltr'><strong>nostrae</strong></span> <span class='ocrx_word' id='word_1_8' title='bbox 1007 1005 1227 1093; x_wconf 79' lang='lat' dir='ltr'><strong>pervenimus,</strong></span> <span class='ocrx_word' id='word_1_9' title='bbox 1255 1014 1290 1071; x_wconf 89' lang='lat' dir='ltr'><strong>et</strong></span> <span class='ocrx_word' id='word_1_10' title='bbox 1315 1006 1405 1093; x_wconf 88' lang='lat' dir='ltr'><strong>quod</strong></span> 
     </span>
     <span class='ocr_line' id='line_1_4' title="bbox 237 1106 1405 1206; baseline -0.007 -23"><span class='ocrx_word' id='word_1_11' title='bbox 237 1118 378 1206; x_wconf 90' lang='lat' dir='ltr'><strong>primum</strong></span> <span class='ocrx_word' id='word_1_12' title='bbox 397 1115 525 1181; x_wconf 87' lang='lat' dir='ltr'><strong>adtinet</strong></span> <span class='ocrx_word' id='word_1_13' title='bbox 548 1112 593 1179; x_wconf 86' lang='lat' dir='ltr'><strong>ad</strong></span> <span class='ocrx_word' id='word_1_14' title='bbox 611 1112 768 1201; x_wconf 78' lang='lat' dir='ltr'><strong>epistolas</strong></span> <span class='ocrx_word' id='word_1_15' title='bbox 792 1134 934 1201; x_wconf 86' lang='lat' dir='ltr'><strong>graecas</strong></span> <span class='ocrx_word' id='word_1_16' title='bbox 953 1112 993 1175; x_wconf 91' lang='lat' dir='ltr'><strong>ab</strong></span> <span class='ocrx_word' id='word_1_17' title='bbox 1012 1109 1159 1175; x_wconf 88' lang='lat' dir='ltr'><strong>Eusebio</strong></span> <span class='ocrx_word' id='word_1_18' title='bbox 1186 1106 1339 1175; x_wconf 90' lang='lat' dir='ltr'><strong>laudatas</strong></span> <span class='ocrx_word' id='word_1_19' title='bbox 1359 1110 1405 1175; x_wconf 91' lang='lat' dir='ltr'><strong>vi-</strong></span> 
     </span>
     <span class='ocr_line' id='line_1_5' title="bbox 240 1210 1405 1305; baseline -0.005 -20"><span class='ocrx_word' id='word_1_20' title='bbox 240 1220 357 1303; x_wconf 89' lang='lat' dir='ltr'><strong>dimus,</strong></span> <span class='ocrx_word' id='word_1_21' title='bbox 384 1219 535 1285; x_wconf 88' lang='lat' dir='ltr'><strong>omnibus</strong></span> <span class='ocrx_word' id='word_1_22' title='bbox 557 1218 665 1283; x_wconf 87' lang='lat' dir='ltr'><strong>inesse</strong></span> <span class='ocrx_word' id='word_1_23' title='bbox 689 1215 777 1282; x_wconf 91' lang='lat' dir='ltr'><strong>idem</strong></span> <span class='ocrx_word' id='word_1_24' title='bbox 795 1238 903 1305; x_wconf 87' lang='lat' dir='ltr'><strong>genus</strong></span> <span class='ocrx_word' id='word_1_25' title='bbox 922 1213 1065 1293; x_wconf 88' lang='lat' dir='ltr'><strong>dicendi,</strong></span> <span class='ocrx_word' id='word_1_26' title='bbox 1092 1234 1206 1278; x_wconf 89' lang='lat' dir='ltr'><strong>omnes</strong></span> <span class='ocrx_word' id='word_1_27' title='bbox 1225 1210 1405 1279; x_wconf 86' lang='lat' dir='ltr'><strong>defendere</strong></span> 
     </span>
     <span class='ocr_line' id='line_1_6' title="bbox 238 1314 1405 1405; baseline -0.008 -16"><span class='ocrx_word' id='word_1_28' title='bbox 238 1347 339 1391; x_wconf 88' lang='lat' dir='ltr'><strong>unam</strong></span> <span class='ocrx_word' id='word_1_29' title='bbox 356 1322 550 1389; x_wconf 89' lang='lat' dir='ltr'><strong>doctrinam.</strong></span> <span class='ocrx_word' id='word_1_30' title='bbox 596 1319 729 1386; x_wconf 86' lang='lat' dir='ltr'><strong>Deinde</strong></span> <span class='ocrx_word' id='word_1_31' title='bbox 751 1318 835 1385; x_wconf 90' lang='lat' dir='ltr'><strong>duas</strong></span> <span class='ocrx_word' id='word_1_32' title='bbox 860 1320 967 1385; x_wconf 78' lang='lat' dir='ltr'><strong>varias</strong></span> <span class='ocrx_word' id='word_1_33' title='bbox 986 1316 1104 1383; x_wconf 91' lang='lat' dir='ltr'><strong>barum</strong></span> <span class='ocrx_word' id='word_1_34' title='bbox 1122 1314 1337 1405; x_wconf 86' lang='lat' dir='ltr'><strong>epistolarum</strong></span> <span class='ocrx_word' id='word_1_35' title='bbox 1356 1314 1405 1381; x_wconf 86' lang='lat' dir='ltr'><strong>di-</strong></span> 
     </span>
     <span class='ocr_line' id='line_1_7' title="bbox 239 1418 1405 1510; baseline -0.009 -17"><span class='ocrx_word' id='word_1_36' title='bbox 239 1427 409 1493; x_wconf 83' lang='lat' dir='ltr'><strong>stinximus</strong></span> <span class='ocrx_word' id='word_1_37' title='bbox 427 1426 605 1507; x_wconf 82' lang='lat' dir='ltr'><strong>versiones,</strong></span> <span class='ocrx_word' id='word_1_38' title='bbox 632 1446 772 1510; x_wconf 86' lang='lat' dir='ltr'><strong>quarum</strong></span> <span class='ocrx_word' id='word_1_39' title='bbox 796 1432 939 1510; x_wconf 90' lang='lat' dir='ltr'><strong>utraque</strong></span> <span class='ocrx_word' id='word_1_40' title='bbox 964 1430 1092 1509; x_wconf 83' lang='lat' dir='ltr'><strong>septem</strong></span> <span class='ocrx_word' id='word_1_41' title='bbox 1118 1418 1274 1507; x_wconf 85' lang='lat' dir='ltr'><strong>epistolas</strong></span> <span class='ocrx_word' id='word_1_42' title='bbox 1299 1418 1405 1485; x_wconf 90' lang='lat' dir='ltr'><strong>conti-</strong></span> 
     </span>
     <span class='ocr_line' id='line_1_8' title="bbox 238 1520 1406 1617; baseline -0.008 -21"><span class='ocrx_word' id='word_1_43' title='bbox 238 1530 322 1613; x_wconf 87' lang='lat' dir='ltr'><strong>nuit,</strong></span> <span class='ocrx_word' id='word_1_44' title='bbox 341 1540 410 1595; x_wconf 89' lang='lat' dir='ltr'><strong>tres</strong></span> <span class='ocrx_word' id='word_1_45' title='bbox 427 1552 506 1597; x_wconf 92' lang='lat' dir='ltr'><strong>vero</strong></span> <span class='ocrx_word' id='word_1_46' title='bbox 532 1526 706 1617; x_wconf 90' lang='lat' dir='ltr'><strong>epistolae,</strong></span> <span class='ocrx_word' id='word_1_47' title='bbox 732 1549 814 1613; x_wconf 89' lang='lat' dir='ltr'><strong>quas</strong></span> <span class='ocrx_word' id='word_1_48' title='bbox 832 1526 1022 1593; x_wconf 84' lang='lat' dir='ltr'><strong>Curetonus</strong></span> <span class='ocrx_word' id='word_1_49' title='bbox 1046 1521 1162 1606; x_wconf 88' lang='lat' dir='ltr'><strong>edidit,</strong></span> <span class='ocrx_word' id='word_1_50' title='bbox 1189 1532 1223 1587; x_wconf 89' lang='lat' dir='ltr'><strong>et</strong></span> <span class='ocrx_word' id='word_1_51' title='bbox 1247 1544 1330 1608; x_wconf 83' lang='lat' dir='ltr'><strong>quas</strong></span> <span class='ocrx_word' id='word_1_52' title='bbox 1350 1520 1406 1587; x_wconf 90' lang='lat' dir='ltr'><strong>alii</strong></span> 
     </span>
     <span class='ocr_line' id='line_1_9' title="bbox 238 1624 1406 1722; baseline -0.005 -23"><span class='ocrx_word' id='word_1_53' title='bbox 238 1643 315 1722; x_wconf 88' lang='lat' dir='ltr'><strong>post</strong></span> <span class='ocrx_word' id='word_1_54' title='bbox 332 1656 408 1698; x_wconf 91' lang='lat' dir='ltr'><strong>enm</strong></span> <span class='ocrx_word' id='word_1_55' title='bbox 426 1633 587 1721; x_wconf 89' lang='lat' dir='ltr'><strong>genuinas</strong></span> <span class='ocrx_word' id='word_1_56' title='bbox 600 1630 798 1713; x_wconf 89' lang='lat' dir='ltr'><strong>habuerunt,</strong></span> <span class='ocrx_word' id='word_1_57' title='bbox 817 1652 883 1694; x_wconf 89' lang='lat' dir='ltr'><strong>non</strong></span> <span class='ocrx_word' id='word_1_58' title='bbox 898 1638 974 1694; x_wconf 91' lang='lat' dir='ltr'><strong>sunt</strong></span> <span class='ocrx_word' id='word_1_59' title='bbox 987 1629 1140 1715; x_wconf 77' lang='lat' dir='ltr'><strong>integrae</strong></span> <span class='ocrx_word' id='word_1_60' title='bbox 1153 1624 1213 1691; x_wconf 87' lang='lat' dir='ltr'><strong>sed</strong></span> <span class='ocrx_word' id='word_1_61' title='bbox 1227 1634 1406 1712; x_wconf 83' lang='lat' dir='ltr'><strong>excerptae</strong></span> 
     </span>
     <span class='ocr_line' id='line_1_10' title="bbox 240 1727 1403 1820; baseline -0.008 -18"><span class='ocrx_word' id='word_1_62' title='bbox 240 1760 282 1802; x_wconf 85' lang='lat' dir='ltr'><strong>ex</strong></span> <span class='ocrx_word' id='word_1_63' title='bbox 308 1737 443 1820; x_wconf 89' lang='lat' dir='ltr'><strong>antiqua</strong></span> <span class='ocrx_word' id='word_1_64' title='bbox 466 1736 629 1801; x_wconf 85' lang='lat' dir='ltr'><strong>versione.</strong></span> <span class='ocrx_word' id='word_1_65' title='bbox 680 1733 797 1799; x_wconf 86' lang='lat' dir='ltr'><strong>Altera</strong></span> <span class='ocrx_word' id='word_1_66' title='bbox 824 1734 946 1813; x_wconf 89' lang='lat' dir='ltr'><strong>versio,</strong></span> <span class='ocrx_word' id='word_1_67' title='bbox 977 1730 1158 1797; x_wconf 85' lang='lat' dir='ltr'><strong>Severiana</strong></span> <span class='ocrx_word' id='word_1_68' title='bbox 1184 1728 1278 1795; x_wconf 91' lang='lat' dir='ltr'><strong>nobis</strong></span> <span class='ocrx_word' id='word_1_69' title='bbox 1302 1727 1403 1809; x_wconf 92' lang='lat' dir='ltr'><strong>dicta,</strong></span> 
     </span>
     <span class='ocr_line' id='line_1_11' title="bbox 241 1832 1405 1925; baseline -0.005 -22"><span class='ocrx_word' id='word_1_70' title='bbox 241 1848 320 1903; x_wconf 88' lang='lat' dir='ltr'><strong>ante</strong></span> <span class='ocrx_word' id='word_1_71' title='bbox 343 1837 541 1903; x_wconf 82' lang='lat' dir='ltr'><strong>Arianorum</strong></span> <span class='ocrx_word' id='word_1_72' title='bbox 565 1847 716 1925; x_wconf 88' lang='lat' dir='ltr'><strong>tempora</strong></span> <span class='ocrx_word' id='word_1_73' title='bbox 738 1835 890 1903; x_wconf 86' lang='lat' dir='ltr'><strong>confecta</strong></span> <span class='ocrx_word' id='word_1_74' title='bbox 914 1834 1056 1918; x_wconf 90' lang='lat' dir='ltr'><strong>videtur,</strong></span> <span class='ocrx_word' id='word_1_75' title='bbox 1082 1834 1188 1899; x_wconf 91' lang='lat' dir='ltr'><strong>altera</strong></span> <span class='ocrx_word' id='word_1_76' title='bbox 1214 1854 1293 1897; x_wconf 89' lang='lat' dir='ltr'><strong>vero</strong></span> <span class='ocrx_word' id='word_1_77' title='bbox 1321 1832 1405 1897; x_wconf 86' lang='lat' dir='ltr'><strong>anti-</strong></span> 
     </span>
     <span class='ocr_line' id='line_1_12' title="bbox 240 1934 1405 2029; baseline -0.005 -23"><span class='ocrx_word' id='word_1_78' title='bbox 240 1941 338 2028; x_wconf 86' lang='lat' dir='ltr'><strong>quior</strong></span> <span class='ocrx_word' id='word_1_79' title='bbox 359 1950 436 2029; x_wconf 89' lang='lat' dir='ltr'><strong>post</strong></span> <span class='ocrx_word' id='word_1_80' title='bbox 459 1940 536 2006; x_wconf 89' lang='lat' dir='ltr'><strong>novi</strong></span> <span class='ocrx_word' id='word_1_81' title='bbox 559 1942 749 2007; x_wconf 88' lang='lat' dir='ltr'><strong>testamenti</strong></span> <span class='ocrx_word' id='word_1_82' title='bbox 773 1939 958 2007; x_wconf 84' lang='lat' dir='ltr'><strong>versionem</strong></span> <span class='ocrx_word' id='word_1_83' title='bbox 988 1936 1169 2024; x_wconf 87' lang='lat' dir='ltr'><strong>simplicem</strong></span> <span class='ocrx_word' id='word_1_84' title='bbox 1201 1934 1301 2001; x_wconf 88' lang='lat' dir='ltr'><strong>debet</strong></span> <span class='ocrx_word' id='word_1_85' title='bbox 1332 1956 1405 2001; x_wconf 87' lang='lat' dir='ltr'><strong>esse</strong></span> 
     </span>
     <span class='ocr_line' id='line_1_13' title="bbox 240 2038 1406 2132; baseline -0.005 -23"><span class='ocrx_word' id='word_1_86' title='bbox 240 2044 436 2132; x_wconf 83' lang='lat' dir='ltr'><strong>composite,</strong></span> <span class='ocrx_word' id='word_1_87' title='bbox 454 2043 544 2132; x_wconf 89' lang='lat' dir='ltr'><strong>quod</strong></span> <span class='ocrx_word' id='word_1_88' title='bbox 561 2067 657 2111; x_wconf 90' lang='lat' dir='ltr'><strong>usum</strong></span> <span class='ocrx_word' id='word_1_89' title='bbox 675 2044 807 2109; x_wconf 90' lang='lat' dir='ltr'><strong>dicendi</strong></span> <span class='ocrx_word' id='word_1_90' title='bbox 824 2040 1144 2131; x_wconf 86' lang='lat' dir='ltr'><strong>pescbitthonianum</strong></span> <span class='ocrx_word' id='word_1_91' title='bbox 1163 2040 1278 2105; x_wconf 90' lang='lat' dir='ltr'><strong>stricte</strong></span> <span class='ocrx_word' id='word_1_92' title='bbox 1296 2038 1406 2125; x_wconf 88' lang='lat' dir='ltr'><strong>sequi-</strong></span> 
     </span>
     <span class='ocr_line' id='line_1_14' title="bbox 239 2142 1406 2237; baseline -0.006 -24"><span class='ocrx_word' id='word_1_93' title='bbox 239 2158 305 2215; x_wconf 88' lang='lat' dir='ltr'><strong>tur.</strong></span> <span class='ocrx_word' id='word_1_94' title='bbox 347 2148 474 2215; x_wconf 80' lang='lat' dir='ltr'><strong>Ambae</strong></span> <span class='ocrx_word' id='word_1_95' title='bbox 490 2148 595 2237; x_wconf 88' lang='lat' dir='ltr'><strong>igitur</strong></span> <span class='ocrx_word' id='word_1_96' title='bbox 612 2148 779 2213; x_wconf 88' lang='lat' dir='ltr'><strong>versiones</strong></span> <span class='ocrx_word' id='word_1_97' title='bbox 796 2146 930 2213; x_wconf 89' lang='lat' dir='ltr'><strong>saeculo</strong></span> <span class='ocrx_word' id='word_1_98' title='bbox 948 2154 1025 2234; x_wconf 90' lang='lat' dir='ltr'><strong>post</strong></span> <span class='ocrx_word' id='word_1_99' title='bbox 1043 2143 1212 2211; x_wconf 85' lang='lat' dir='ltr'><strong>Christum</strong></span> <span class='ocrx_word' id='word_1_100' title='bbox 1229 2142 1329 2208; x_wconf 89' lang='lat' dir='ltr'><strong>tertio</strong></span> <span class='ocrx_word' id='word_1_101' title='bbox 1348 2164 1406 2207; x_wconf 85' lang='lat' dir='ltr'><strong>ex-</strong></span> 
     </span>
     <span class='ocr_line' id='line_1_15' title="bbox 241 2245 1406 2333; baseline -0.005 -16"><span class='ocrx_word' id='word_1_102' title='bbox 241 2261 355 2317; x_wconf 88' lang='lat' dir='ltr'><strong>aratae</strong></span> <span class='ocrx_word' id='word_1_103' title='bbox 373 2251 538 2317; x_wconf 88' lang='lat' dir='ltr'><strong>videntur.</strong></span> <span class='ocrx_word' id='word_1_104' title='bbox 570 2250 714 2317; x_wconf 88' lang='lat' dir='ltr'><strong>Praeter</strong></span> <span class='ocrx_word' id='word_1_105' title='bbox 731 2250 791 2314; x_wconf 89' lang='lat' dir='ltr'><strong>bas</strong></span> <span class='ocrx_word' id='word_1_106' title='bbox 808 2272 889 2315; x_wconf 86' lang='lat' dir='ltr'><strong>vero</strong></span> <span class='ocrx_word' id='word_1_107' title='bbox 904 2260 938 2315; x_wconf 91' lang='lat' dir='ltr'><strong>et</strong></span> <span class='ocrx_word' id='word_1_108' title='bbox 951 2248 1071 2315; x_wconf 87' lang='lat' dir='ltr'><strong>tertiae</strong></span> <span class='ocrx_word' id='word_1_109' title='bbox 1083 2246 1242 2313; x_wconf 86' lang='lat' dir='ltr'><strong>versionis</strong></span> <span class='ocrx_word' id='word_1_110' title='bbox 1257 2245 1406 2333; x_wconf 86' lang='lat' dir='ltr'><strong>syriacae</strong></span> 
     </span>
     <span class='ocr_line' id='line_1_16' title="bbox 240 2349 1407 2443; baseline -0.005 -24"><span class='ocrx_word' id='word_1_111' title='bbox 240 2352 462 2443; x_wconf 81' lang='lat' dir='ltr'><strong>fragmentum</strong></span> <span class='ocrx_word' id='word_1_112' title='bbox 480 2353 643 2419; x_wconf 86' lang='lat' dir='ltr'><strong>invenisse</strong></span> <span class='ocrx_word' id='word_1_113' title='bbox 660 2353 755 2419; x_wconf 90' lang='lat' dir='ltr'><strong>nobis</strong></span> <span class='ocrx_word' id='word_1_114' title='bbox 773 2351 935 2436; x_wconf 83' lang='lat' dir='ltr'><strong>videmur,</strong></span> <span class='ocrx_word' id='word_1_115' title='bbox 955 2374 1054 2439; x_wconf 89' lang='lat' dir='ltr'><strong>quam</strong></span> <span class='ocrx_word' id='word_1_116' title='bbox 1068 2349 1224 2439; x_wconf 87' lang='lat' dir='ltr'><strong>epistolas</strong></span> <span class='ocrx_word' id='word_1_117' title='bbox 1244 2351 1284 2415; x_wconf 95' lang='lat' dir='ltr'><strong>ab</strong></span> <span class='ocrx_word' id='word_1_118' title='bbox 1299 2349 1407 2414; x_wconf 87' lang='lat' dir='ltr'><strong>Euse-</strong></span> 
     </span>
     <span class='ocr_line' id='line_1_17' title="bbox 239 2451 1407 2544; baseline -0.004 -23"><span class='ocrx_word' id='word_1_119' title='bbox 239 2458 294 2523; x_wconf 91' lang='lat' dir='ltr'><strong>bio</strong></span> <span class='ocrx_word' id='word_1_120' title='bbox 313 2456 459 2521; x_wconf 91' lang='lat' dir='ltr'><strong>nondum</strong></span> <span class='ocrx_word' id='word_1_121' title='bbox 477 2454 630 2522; x_wconf 88' lang='lat' dir='ltr'><strong>laudatas</strong></span> <span class='ocrx_word' id='word_1_122' title='bbox 648 2456 848 2522; x_wconf 88' lang='lat' dir='ltr'><strong>continuisse</strong></span> <span class='ocrx_word' id='word_1_123' title='bbox 864 2478 966 2544; x_wconf 91' lang='lat' dir='ltr'><strong>supra</strong></span> <span class='ocrx_word' id='word_1_124' title='bbox 984 2453 1195 2543; x_wconf 86' lang='lat' dir='ltr'><strong>conjecimus.</strong></span> <span class='ocrx_word' id='word_1_125' title='bbox 1241 2453 1319 2517; x_wconf 87' lang='lat' dir='ltr'><strong>Hae</strong></span> <span class='ocrx_word' id='word_1_126' title='bbox 1338 2451 1407 2539; x_wconf 90' lang='lat' dir='ltr'><strong>epi-</strong></span> 
     </span>
     <span class='ocr_line' id='line_1_18' title="bbox 239 2557 1408 2649; baseline -0.003 -24"><span class='ocrx_word' id='word_1_127' title='bbox 239 2559 347 2627; x_wconf 90' lang='lat' dir='ltr'><strong>stolae</strong></span> <span class='ocrx_word' id='word_1_128' title='bbox 365 2560 470 2647; x_wconf 89' lang='lat' dir='ltr'><strong>ipsae,</strong></span> <span class='ocrx_word' id='word_1_129' title='bbox 495 2559 529 2625; x_wconf 92' lang='lat' dir='ltr'><strong>in</strong></span> <span class='ocrx_word' id='word_1_130' title='bbox 548 2560 668 2646; x_wconf 89' lang='lat' dir='ltr'><strong>quibus</strong></span> <span class='ocrx_word' id='word_1_131' title='bbox 693 2557 865 2648; x_wconf 84' lang='lat' dir='ltr'><strong>(Antioch.</strong></span> <span class='ocrx_word' id='word_1_132' title='bbox 890 2557 956 2649; x_wconf 84' lang='grc'><strong>12)</strong></span> <span class='ocrx_word' id='word_1_133' title='bbox 982 2568 1115 2647; x_wconf 89' lang='lat' dir='ltr'><strong>praeter</strong></span> <span class='ocrx_word' id='word_1_134' title='bbox 1140 2557 1353 2645; x_wconf 88' lang='lat' dir='ltr'><strong>presbyteros</strong></span> <span class='ocrx_word' id='word_1_135' title='bbox 1374 2564 1408 2621; x_wconf 89' lang='lat' dir='ltr'><strong>et</strong></span> 
     </span>
     <span class='ocr_line' id='line_1_19' title="bbox 241 2659 1408 2751; baseline -0.002 -24"><span class='ocrx_word' id='word_1_136' title='bbox 241 2662 398 2731; x_wconf 89' lang='lat' dir='ltr'><strong>diaconos</strong></span> <span class='ocrx_word' id='word_1_137' title='bbox 416 2662 609 2729; x_wconf 87' lang='lat' dir='ltr'><strong>subdiaconi</strong></span> <span class='ocrx_word' id='word_1_138' title='bbox 627 2686 773 2751; x_wconf 88' lang='lat' dir='ltr'><strong>quoqne,</strong></span> <span class='ocrx_word' id='word_1_139' title='bbox 798 2662 952 2746; x_wconf 88' lang='lat' dir='ltr'><strong>lectores,</strong></span> <span class='ocrx_word' id='word_1_140' title='bbox 973 2672 1139 2745; x_wconf 85' lang='lat' dir='ltr'><strong>cantores,</strong></span> <span class='ocrx_word' id='word_1_141' title='bbox 1158 2659 1285 2725; x_wconf 90' lang='lat' dir='ltr'><strong>ostiarii</strong></span> <span class='ocrx_word' id='word_1_142' title='bbox 1305 2669 1339 2725; x_wconf 90' lang='lat' dir='ltr'><strong>et</strong></span> <span class='ocrx_word' id='word_1_143' title='bbox 1356 2684 1408 2725; x_wconf 88' lang='grc' dir='ltr'><strong>κο-</strong></span> 
     </span>
     <span class='ocr_line' id='line_1_20' title="bbox 241 2763 1408 2857; baseline -0.005 -23"><span class='ocrx_word' id='word_1_144' title='bbox 241 2775 378 2840; x_wconf 75' lang='grc' dir='ltr'><strong><em>πιαῑνκες</em></strong></span> <span class='ocrx_word' id='word_1_145' title='bbox 387 2763 414 2857; x_wconf 83' lang='lat'><strong>¹)</strong></span> <span class='ocrx_word' id='word_1_146' title='bbox 439 2781 751 2851; x_wconf 87' lang='lat' dir='ltr'><strong>commemorantur,</strong></span> <span class='ocrx_word' id='word_1_147' title='bbox 776 2791 863 2855; x_wconf 89' lang='lat' dir='ltr'><strong>quae</strong></span> <span class='ocrx_word' id='word_1_148' title='bbox 887 2767 1039 2856; x_wconf 86' lang='lat' dir='ltr'><strong>(Pbilpp.</strong></span> <span class='ocrx_word' id='word_1_149' title='bbox 1070 2764 1136 2855; x_wconf 84' lang='lat'><strong>13)</strong></span> <span class='ocrx_word' id='word_1_150' title='bbox 1164 2765 1218 2831; x_wconf 88' lang='lat' dir='ltr'><strong>die</strong></span> <span class='ocrx_word' id='word_1_151' title='bbox 1244 2764 1408 2830; x_wconf 89' lang='lat' dir='ltr'><strong>dominica</strong></span> 
     </span>
     <span class='ocr_line' id='line_1_21' title="bbox 241 2866 1408 2961; baseline -0.003 -25"><span class='ocrx_word' id='word_1_152' title='bbox 241 2880 275 2936; x_wconf 91' lang='lat' dir='ltr'><strong>et</strong></span> <span class='ocrx_word' id='word_1_153' title='bbox 292 2871 430 2936; x_wconf 89' lang='lat' dir='ltr'><strong>sabbato</strong></span> <span class='ocrx_word' id='word_1_154' title='bbox 451 2869 579 2958; x_wconf 86' lang='lat' dir='ltr'><strong>jejunia</strong></span> <span class='ocrx_word' id='word_1_155' title='bbox 597 2881 712 2936; x_wconf 87' lang='lat' dir='ltr'><strong>vetant</strong></span> <span class='ocrx_word' id='word_1_156' title='bbox 722 2866 756 2961; x_wconf 81' lang='lat'><strong>⁹)</strong></span> <span class='ocrx_word' id='word_1_157' title='bbox 764 2919 775 2952; x_wconf 97' lang='lat'><strong>,</strong></span> <span class='ocrx_word' id='word_1_158' title='bbox 798 2869 882 2935; x_wconf 88' lang='lat' dir='ltr'><strong>feria</strong></span> <span class='ocrx_word' id='word_1_159' title='bbox 907 2880 1027 2956; x_wconf 89' lang='lat' dir='ltr'><strong>quarta</strong></span> <span class='ocrx_word' id='word_1_160' title='bbox 1053 2878 1205 2934; x_wconf 87' lang='lat' dir='ltr'><strong>etsexta</strong></span> <span class='ocrx_word' id='word_1_161' title='bbox 1230 2876 1341 2934; x_wconf 90' lang='lat' dir='ltr'><strong>autem</strong></span> <span class='ocrx_word' id='word_1_162' title='bbox 1367 2891 1408 2934; x_wconf 88' lang='lat' dir='ltr'><strong>ca</strong></span> 
     </span>
     <span class='ocr_line' id='line_1_22' title="bbox 236 2969 1407 3065; baseline -0.005 -25"><span class='ocrx_word' id='word_1_163' title='bbox 236 2972 366 3061; x_wconf 86' lang='lat' dir='ltr'><strong>jubent,</strong></span> <span class='ocrx_word' id='word_1_164' title='bbox 398 2973 433 3038; x_wconf 92' lang='lat' dir='ltr'><strong>in</strong></span> <span class='ocrx_word' id='word_1_165' title='bbox 462 2973 582 3060; x_wconf 89' lang='lat' dir='ltr'><strong>quibus</strong></span> <span class='ocrx_word' id='word_1_166' title='bbox 610 2971 728 3065; x_wconf 60' lang='grc' dir='ltr'><strong>(Ταῖς.</strong></span> <span class='ocrx_word' id='word_1_167' title='bbox 750 2973 793 3061; x_wconf 87' lang='grc'><strong>2)</strong></span> <span class='ocrx_word' id='word_1_168' title='bbox 818 2972 1063 3038; x_wconf 89' lang='lat' dir='ltr'><strong>baereticorum</strong></span> <span class='ocrx_word' id='word_1_169' title='bbox 1089 2971 1200 3058; x_wconf 91' lang='lat' dir='ltr'><strong>opinio</strong></span> <span class='ocrx_word' id='word_1_170' title='bbox 1225 2969 1407 3058; x_wconf 85' lang='lat' dir='ltr'><strong>profertur,</strong></span> 
     </span>
     <span class='ocr_line' id='line_1_23' title="bbox 241 3074 1408 3165; baseline -0.004 -23"><span class='ocrx_word' id='word_1_171' title='bbox 241 3076 410 3142; x_wconf 87' lang='lat' dir='ltr'><strong>Christum</strong></span> <span class='ocrx_word' id='word_1_172' title='bbox 428 3075 531 3143; x_wconf 86' lang='lat' dir='ltr'><strong>fuisse</strong></span> <span class='ocrx_word' id='word_1_173' title='bbox 547 3075 659 3142; x_wconf 89' lang='lat' dir='ltr'><strong>Deum</strong></span> <span class='ocrx_word' id='word_1_174' title='bbox 676 3078 782 3165; x_wconf 88' lang='lat' dir='ltr'><strong>ipsum</strong></span> <span class='ocrx_word' id='word_1_175' title='bbox 800 3075 970 3142; x_wconf 89' lang='lat' dir='ltr'><strong>saeculum</strong></span> <span class='ocrx_word' id='word_1_176' title='bbox 986 3074 1057 3141; x_wconf 90' lang='lat' dir='ltr'><strong>fere</strong></span> <span class='ocrx_word' id='word_1_177' title='bbox 1070 3074 1205 3140; x_wconf 90' lang='lat' dir='ltr'><strong>tertium</strong></span> <span class='ocrx_word' id='word_1_178' title='bbox 1222 3074 1294 3140; x_wconf 88' lang='lat' dir='ltr'><strong>sive</strong></span> <span class='ocrx_word' id='word_1_179' title='bbox 1309 3095 1408 3160; x_wconf 89' lang='lat' dir='ltr'><strong>quar·</strong></span> 
     </span>
     <span class='ocr_line' id='line_1_24' title="bbox 240 3177 1407 3268; baseline -0.003 -22"><span class='ocrx_word' id='word_1_180' title='bbox 240 3191 310 3246; x_wconf 88' lang='lat' dir='ltr'><strong>tum</strong></span> <span class='ocrx_word' id='word_1_181' title='bbox 334 3179 491 3268; x_wconf 87' lang='lat' dir='ltr'><strong>produnt.</strong></span> <span class='ocrx_word' id='word_1_182' title='bbox 537 3180 676 3247; x_wconf 80' lang='lat' dir='ltr'><strong>Tertiae</strong></span> <span class='ocrx_word' id='word_1_183' title='bbox 697 3178 795 3268; x_wconf 92' lang='lat' dir='ltr'><strong>hujus</strong></span> <span class='ocrx_word' id='word_1_184' title='bbox 819 3179 978 3246; x_wconf 84' lang='lat' dir='ltr'><strong>versionis</strong></span> <span class='ocrx_word' id='word_1_185' title='bbox 1002 3177 1123 3268; x_wconf 87' lang='lat' dir='ltr'><strong>fragm.</strong></span> <span class='ocrx_word' id='word_1_186' title='bbox 1152 3200 1254 3242; x_wconf 91' lang='lat' dir='ltr'><strong>unum</strong></span> <span class='ocrx_word' id='word_1_187' title='bbox 1278 3185 1407 3242; x_wconf 90' lang='lat' dir='ltr'><strong>tantum</strong></span> 
     </span>
     <span class='ocr_line' id='line_1_25' title="bbox 242 3279 1408 3372; baseline -0.003 -22"><span class='ocrx_word' id='word_1_188' title='bbox 242 3283 422 3368; x_wconf 88' lang='lat' dir='ltr'><strong>attulimus,</strong></span> <span class='ocrx_word' id='word_1_189' title='bbox 441 3292 551 3350; x_wconf 82' lang='lat' dir='ltr'><strong>exstat</strong></span> <span class='ocrx_word' id='word_1_190' title='bbox 568 3293 679 3350; x_wconf 89' lang='lat' dir='ltr'><strong>tamen</strong></span> <span class='ocrx_word' id='word_1_191' title='bbox 696 3294 732 3350; x_wconf 88' lang='lat' dir='ltr'><strong>et</strong></span> <span class='ocrx_word' id='word_1_192' title='bbox 748 3283 838 3350; x_wconf 90' lang='lat' dir='ltr'><strong>aliud</strong></span> <span class='ocrx_word' id='word_1_193' title='bbox 857 3285 973 3350; x_wconf 83' lang='lat' dir='ltr'><strong>Curet.</strong></span> <span class='ocrx_word' id='word_1_194' title='bbox 993 3307 1026 3372; x_wconf 93' lang='lat' dir='ltr'><strong>p.</strong></span> <span class='ocrx_word' id='word_1_195' title='bbox 1045 3283 1131 3364; x_wconf 89' lang='grc'>202,</span> <span class='ocrx_word' id='word_1_196' title='bbox 1150 3281 1172 3348; x_wconf 96' lang='lat' dir='ltr'><strong>l.</strong></span> <span class='ocrx_word' id='word_1_197' title='bbox 1197 3283 1256 3362; x_wconf 90' lang='lat'><strong>10,</strong></span> <span class='ocrx_word' id='word_1_198' title='bbox 1276 3279 1408 3346; x_wconf 85' lang='lat' dir='ltr'><strong>desum-</strong></span> 
     </span>
     <span class='ocr_line' id='line_1_26' title="bbox 240 3383 1417 3478; baseline -0.003 -26"><span class='ocrx_word' id='word_1_199' title='bbox 240 3396 310 3452; x_wconf 90' lang='lat' dir='ltr'><strong>tum</strong></span> <span class='ocrx_word' id='word_1_200' title='bbox 329 3410 369 3452; x_wconf 84' lang='lat' dir='ltr'><strong>ex</strong></span> <span class='ocrx_word' id='word_1_201' title='bbox 388 3411 441 3475; x_wconf 90' lang='lat' dir='ltr'><strong>ep.</strong></span> <span class='ocrx_word' id='word_1_202' title='bbox 461 3387 505 3454; x_wconf 89' lang='lat' dir='ltr'><strong>ad</strong></span> <span class='ocrx_word' id='word_1_203' title='bbox 520 3388 651 3478; x_wconf 84' lang='lat' dir='ltr'><strong>Heron.</strong></span> <span class='ocrx_word' id='word_1_204' title='bbox 675 3390 706 3454; x_wconf 93' lang='lat' dir='ltr'><strong>l.</strong></span> <span class='ocrx_word' id='word_1_205' title='bbox 754 3388 867 3454; x_wconf 89' lang='lat' dir='ltr'><strong>Locus</strong></span> <span class='ocrx_word' id='word_1_206' title='bbox 894 3387 937 3456; x_wconf 88' lang='lat' dir='ltr'><strong>ad</strong></span> <span class='ocrx_word' id='word_1_207' title='bbox 954 3389 1084 3454; x_wconf 90' lang='lat' dir='ltr'><strong>Heron.</strong></span> <span class='ocrx_word' id='word_1_208' title='bbox 1111 3395 1162 3452; x_wconf 91' lang='lat' dir='ltr'><strong>est</strong></span> <span class='ocrx_word' id='word_1_209' title='bbox 1184 3384 1323 3452; x_wconf 87' lang='lat' dir='ltr'><strong>imitatio</strong></span> <span class='ocrx_word' id='word_1_210' title='bbox 1343 3383 1417 3475; x_wconf 84' lang='lat' dir='ltr'><strong>loci¹</strong></span> 
     </span>
     <span class='ocr_line' id='line_1_27' title="bbox 241 3487 1408 3576; baseline -0.002 -20"><span class='ocrx_word' id='word_1_211' title='bbox 241 3489 284 3556; x_wconf 89' lang='lat' dir='ltr'><strong>ad</strong></span> <span class='ocrx_word' id='word_1_212' title='bbox 302 3490 377 3556; x_wconf 95' lang='lat' dir='ltr'><strong>Pol.</strong></span> <span class='ocrx_word' id='word_1_213' title='bbox 402 3494 434 3574; x_wconf 92' lang='lat' dir='ltr'><strong>l,</strong></span> <span class='ocrx_word' id='word_1_214' title='bbox 459 3490 636 3558; x_wconf 90' lang='lat' dir='ltr'><strong>discrimen</strong></span> <span class='ocrx_word' id='word_1_215' title='bbox 660 3514 740 3558; x_wconf 88' lang='lat' dir='ltr'><strong>vero</strong></span> <span class='ocrx_word' id='word_1_216' title='bbox 758 3493 918 3558; x_wconf 89' lang='lat' dir='ltr'><strong>versionis</strong></span> <span class='ocrx_word' id='word_1_217' title='bbox 941 3492 1062 3558; x_wconf 88' lang='lat' dir='ltr'><strong>tertiae</strong></span> <span class='ocrx_word' id='word_1_218' title='bbox 1086 3500 1121 3556; x_wconf 91' lang='lat' dir='ltr'><strong>et</strong></span> <span class='ocrx_word' id='word_1_219' title='bbox 1139 3513 1223 3556; x_wconf 89' lang='lat' dir='ltr'><strong>vers.</strong></span> <span class='ocrx_word' id='word_1_220' title='bbox 1244 3487 1320 3576; x_wconf 86' lang='lat' dir='ltr'><strong>Syri</strong></span> <span class='ocrx_word' id='word_1_221' title='bbox 1340 3489 1408 3554; x_wconf 83' lang='lat' dir='ltr'><strong>Cu-</strong></span> 
     </span>
     <span class='ocr_line' id='line_1_28' title="bbox 240 3591 1408 3683; baseline 0 -27"><span class='ocrx_word' id='word_1_222' title='bbox 240 3594 403 3659; x_wconf 89' lang='lat' dir='ltr'><strong>retoniani</strong></span> <span class='ocrx_word' id='word_1_223' title='bbox 420 3594 480 3660; x_wconf 89' lang='lat' dir='ltr'><strong>tali</strong></span> <span class='ocrx_word' id='word_1_224' title='bbox 496 3595 597 3662; x_wconf 91' lang='lat' dir='ltr'><strong>modo</strong></span> <span class='ocrx_word' id='word_1_225' title='bbox 615 3618 655 3662; x_wconf 90' lang='lat' dir='ltr'><strong>eo</strong></span> <span class='ocrx_word' id='word_1_226' title='bbox 674 3594 790 3660; x_wconf 89' lang='lat' dir='ltr'><strong>melius</strong></span> <span class='ocrx_word' id='word_1_227' title='bbox 808 3603 920 3683; x_wconf 87' lang='lat' dir='ltr'><strong>potest</strong></span> <span class='ocrx_word' id='word_1_228' title='bbox 936 3594 1089 3682; x_wconf 88' lang='lat' dir='ltr'><strong>perspici.</strong></span> <span class='ocrx_word' id='word_1_229' title='bbox 1125 3593 1221 3658; x_wconf 89' lang='lat' dir='ltr'><strong>Hero</strong></span> <span class='ocrx_word' id='word_1_230' title='bbox 1243 3594 1260 3656; x_wconf 97' lang='grc'>1</span> <span class='ocrx_word' id='word_1_231' title='bbox 1281 3591 1408 3680; x_wconf 85' lang='lat' dir='ltr'><strong>legitur</strong></span> 
     </span>
     <span class='ocr_line' id='line_1_29' title="bbox 241 3693 1406 3785; baseline 0 -25"><span class='ocrx_word' id='word_1_232' title='bbox 241 3697 423 3780; x_wconf 78' lang='grc' dir='ltr'><strong><em>παρακαλῶ</em></strong></span> <span class='ocrx_word' id='word_1_233' title='bbox 440 3717 478 3762; x_wconf 82' lang='grc' dir='ltr'><strong>σε</strong></span> <span class='ocrx_word' id='word_1_234' title='bbox 495 3699 533 3763; x_wconf 77' lang='grc' dir='ltr'><strong>ἐν</strong></span> <span class='ocrx_word' id='word_1_235' title='bbox 549 3698 657 3784; x_wconf 78' lang='grc' dir='ltr'><strong><em>χάριτι</em></strong></span> <span class='ocrx_word' id='word_1_236' title='bbox 674 3703 869 3781; x_wconf 72' lang='grc' dir='ltr'><strong><em>πραςθεῖναι</em></strong></span> <span class='ocrx_word' id='word_1_237' title='bbox 892 3703 938 3785; x_wconf 78' lang='grc' dir='ltr'><strong>τῷ</strong></span> <span class='ocrx_word' id='word_1_238' title='bbox 956 3695 1064 3785; x_wconf 75' lang='grc' dir='ltr'><strong><em>δρόμῳ</em></strong></span> <span class='ocrx_word' id='word_1_239' title='bbox 1089 3716 1168 3775; x_wconf 83' lang='grc' dir='ltr'><strong><em>σαν,</em></strong></span> <span class='ocrx_word' id='word_1_240' title='bbox 1193 3694 1283 3783; x_wconf 92' lang='lat' dir='ltr'><strong>quod</strong></span> <span class='ocrx_word' id='word_1_241' title='bbox 1306 3693 1406 3783; x_wconf 93' lang='lat' dir='ltr'><strong>frgm.</strong></span> 
     </span>
     <span class='ocr_line' id='line_1_30' title="bbox 240 3792 1408 3905; baseline -0.002 -41"><span class='ocrx_word' id='word_1_242' title='bbox 240 3797 352 3865; x_wconf 90' lang='lat' dir='ltr'><strong>reddit</strong></span> <span class='ocrx_word' id='word_1_243' title='bbox 373 3809 496 3905; x_wconf 54' lang='grc' dir='ltr'><strong>Ἶὸογρ</strong></span> <span class='ocrx_word' id='word_1_244' title='bbox 520 3799 695 3868; x_wconf 63' lang='lat' dir='ltr'><strong>me.</strong></span> <span class='ocrx_word' id='word_1_245' title='bbox 717 3792 756 3880; x_wconf 74' lang='lat' dir='ltr'><strong>bl</strong></span> <span class='ocrx_word' id='word_1_246' title='bbox 779 3809 923 3893; x_wconf 56' lang='grc' dir='ltr'><strong>μιν,</strong></span> <span class='ocrx_word' id='word_1_247' title='bbox 955 3801 1045 3866; x_wconf 85' lang='lat' dir='ltr'><strong>Arm.</strong></span> <span class='ocrx_word' id='word_1_248' title='bbox 1072 3821 1191 3888; x_wconf 88' lang='lat' dir='ltr'><strong>precor</strong></span> <span class='ocrx_word' id='word_1_249' title='bbox 1217 3796 1341 3863; x_wconf 91' lang='lat' dir='ltr'><strong>addere</strong></span> <span class='ocrx_word' id='word_1_250' title='bbox 1366 3796 1408 3863; x_wconf 93' lang='lat' dir='ltr'><strong>ad</strong></span> 
     </span>
     <span class='ocr_line' id='line_1_31' title="bbox 241 3895 1409 3996; baseline -0.002 -29"><span class='ocrx_word' id='word_1_251' title='bbox 241 3925 374 3968; x_wconf 90' lang='lat' dir='ltr'><strong>cursum</strong></span> <span class='ocrx_word' id='word_1_252' title='bbox 390 3914 495 3969; x_wconf 92' lang='lat' dir='ltr'><strong>tuum.</strong></span> <span class='ocrx_word' id='word_1_253' title='bbox 540 3903 695 3971; x_wconf 89' lang='lat' dir='ltr'><strong>Inaudita</strong></span> <span class='ocrx_word' id='word_1_254' title='bbox 712 3927 793 3970; x_wconf 88' lang='lat' dir='ltr'><strong>vero</strong></span> <span class='ocrx_word' id='word_1_255' title='bbox 811 3927 875 3970; x_wconf 83' lang='lat' dir='ltr'><strong>vox</strong></span> <span class='ocrx_word' id='word_1_256' title='bbox 900 3895 940 3983; x_wconf 76' lang='lat' dir='ltr'><strong>bl</strong></span> <span class='ocrx_word' id='word_1_257' title='bbox 961 3911 1088 3996; x_wconf 50' lang='lat' dir='ltr'><strong>&amp;um</strong></span> <span class='ocrx_word' id='word_1_258' title='bbox 1111 3901 1145 3967; x_wconf 93' lang='lat' dir='ltr'><strong>in</strong></span> <span class='ocrx_word' id='word_1_259' title='bbox 1162 3901 1314 3967; x_wconf 86' lang='lat' dir='ltr'><strong>versione</strong></span> <span class='ocrx_word' id='word_1_260' title='bbox 1333 3901 1409 3990; x_wconf 84' lang='lat' dir='ltr'><strong>Syri</strong></span> 
     </span>
    </p>
   </div>
   <div class='ocr_carea' id='block_1_4' title="bbox 239 3998 1411 4304">
    <p class='ocr_par' dir='ltr' id='par_1_4' title="bbox 239 3998 1411 4304">
     <span class='ocr_line' id='line_1_32' title="bbox 240 3998 1408 4106; baseline 0 -36"><span class='ocrx_word' id='word_1_261' title='bbox 240 4005 356 4073; x_wconf 81' lang='lat' dir='ltr'><strong>Curet.</strong></span> <span class='ocrx_word' id='word_1_262' title='bbox 376 4030 437 4096; x_wconf 94' lang='lat' dir='ltr'><strong>pro</strong></span> <span class='ocrx_word' id='word_1_263' title='bbox 456 4011 673 4093; x_wconf 80' lang='grc' dir='ltr'><strong><em>παρακαλεῖν,</em></strong></span> <span class='ocrx_word' id='word_1_264' title='bbox 693 4008 783 4096; x_wconf 88' lang='lat' dir='ltr'><strong>quod</strong></span> <span class='ocrx_word' id='word_1_265' title='bbox 802 4007 891 4097; x_wconf 89' lang='lat' dir='ltr'><strong>apud</strong></span> <span class='ocrx_word' id='word_1_266' title='bbox 910 4029 984 4073; x_wconf 91' lang='lat' dir='ltr'><strong>eum</strong></span> <span class='ocrx_word' id='word_1_267' title='bbox 1003 4018 1054 4074; x_wconf 87' lang='lat' dir='ltr'><strong>cst</strong></span> <span class='ocrx_word' id='word_1_268' title='bbox 1071 4023 1110 4106; x_wconf 61' lang='grc' dir='ltr'><strong>,ρο</strong></span> <span class='ocrx_word' id='word_1_269' title='bbox 1126 3998 1188 4086; x_wconf 68' lang='lat' dir='ltr'><strong>ln</strong></span> <span class='ocrx_word' id='word_1_270' title='bbox 1215 4014 1375 4093; x_wconf 88' lang='lat' dir='ltr'><strong>sequente</strong></span> <span class='ocrx_word' id='word_1_271' title='bbox 1394 4025 1408 4091; x_wconf 60' lang='grc' dir='ltr'><strong><em>ρ</em></strong></span> 
     </span>
     <span class='ocr_line' id='line_1_33' title="bbox 239 4105 1411 4201; baseline 0.003 -31"><span class='ocrx_word' id='word_1_272' title='bbox 239 4108 315 4174; x_wconf 93' lang='lat' dir='ltr'><strong>Pol.</strong></span> <span class='ocrx_word' id='word_1_273' title='bbox 338 4113 371 4192; x_wconf 91' lang='lat' dir='ltr'><strong>l,</strong></span> <span class='ocrx_word' id='word_1_274' title='bbox 397 4110 485 4199; x_wconf 84' lang='lat' dir='ltr'><strong>pr.</strong></span> <span class='ocrx_word' id='word_1_275' title='bbox 510 4114 548 4192; x_wconf 83' lang='lat'><strong>13</strong></span> <span class='ocrx_word' id='word_1_276' title='bbox 575 4111 608 4176; x_wconf 92' lang='lat' dir='ltr'><strong>in</strong></span> <span class='ocrx_word' id='word_1_277' title='bbox 632 4109 752 4200; x_wconf 83' lang='lat' dir='ltr'><strong>fragm.</strong></span> <span class='ocrx_word' id='word_1_278' title='bbox 778 4114 930 4201; x_wconf 89' lang='lat' dir='ltr'><strong>sequitur</strong></span> <span class='ocrx_word' id='word_1_279' title='bbox 953 4111 1131 4177; x_wconf 86' lang='lat' dir='ltr'><strong>infinitivus</strong></span> <span class='ocrx_word' id='word_1_280' title='bbox 1155 4133 1184 4175; x_wconf 92' lang='lat' dir='ltr'><strong>c.</strong></span> <span class='ocrx_word' id='word_1_281' title='bbox 1207 4105 1269 4191; x_wconf 46' lang='grc' dir='ltr'>Ὢ</span> <span class='ocrx_word' id='word_1_282' title='bbox 1297 4108 1344 4173; x_wconf 89' lang='lat' dir='ltr'><strong>sic</strong></span> <span class='ocrx_word' id='word_1_283' title='bbox 1376 4119 1411 4174; x_wconf 92' lang='lat' dir='ltr'><strong>et</strong></span> 
     </span>
     <span class='ocr_line' id='line_1_34' title="bbox 241 4207 1408 4304; baseline 0.003 -32"><span class='ocrx_word' id='word_1_284' title='bbox 241 4207 341 4274; x_wconf 74' lang='lat' dir='ltr'><strong>&#39;l&#39;ars</strong></span> <span class='ocrx_word' id='word_1_285' title='bbox 362 4213 397 4291; x_wconf 87' lang='grc'><strong>2,</strong></span> <span class='ocrx_word' id='word_1_286' title='bbox 416 4211 514 4299; x_wconf 88' lang='lat' dir='ltr'><strong>frgm.</strong></span> <span class='ocrx_word' id='word_1_287' title='bbox 536 4215 652 4280; x_wconf 86' lang='lat' dir='ltr'><strong>Curet.</strong></span> <span class='ocrx_word' id='word_1_288' title='bbox 678 4239 711 4303; x_wconf 92' lang='lat' dir='ltr'><strong>p.</strong></span> <span class='ocrx_word' id='word_1_289' title='bbox 734 4216 806 4282; x_wconf 76' lang='lat'><strong>365</strong></span> <span class='ocrx_word' id='word_1_290' title='bbox 827 4223 1053 4304; x_wconf 73' lang='grc' dir='ltr'><strong><em>θηριομαχεῖν,</em></strong></span> <span class='ocrx_word' id='word_1_291' title='bbox 1079 4212 1170 4302; x_wconf 88' lang='lat' dir='ltr'><strong>quod</strong></span> <span class='ocrx_word' id='word_1_292' title='bbox 1195 4215 1269 4300; x_wconf 87' lang='lat' dir='ltr'><strong>Syr.</strong></span> <span class='ocrx_word' id='word_1_293' title='bbox 1291 4213 1408 4277; x_wconf 80' lang='lat' dir='ltr'><strong>Curet.</strong></span> 
     </span>
    </p>
   </div>
   <div class='ocr_carea' id='block_1_5' title="bbox 238 4408 1410 4737">
    <p class='ocr_par' dir='ltr' id='par_1_5' title="bbox 238 4408 1410 4737">
     <span class='ocr_line' id='line_1_35' title="bbox 315 4408 1410 4481; baseline -0.012 -7"><span class='ocrx_word' id='word_1_294' title='bbox 315 4408 601 4478; x_wconf 58' lang='grc' dir='ltr'><strong>ι)Ρῐ()’ῐ4&gt;1ῑιῶῑ’τνῑς,</strong></span> <span class='ocrx_word' id='word_1_295' title='bbox 627 4415 701 4481; x_wconf 87' lang='lat' dir='ltr'><strong>quod</strong></span> <span class='ocrx_word' id='word_1_296' title='bbox 727 4417 817 4469; x_wconf 86' lang='lat' dir='ltr'><strong>versio</strong></span> <span class='ocrx_word' id='word_1_297' title='bbox 844 4416 890 4468; x_wconf 80' lang='lat' dir='ltr'><strong>lat.</strong></span> <span class='ocrx_word' id='word_1_298' title='bbox 917 4415 1009 4468; x_wconf 84' lang='lat' dir='ltr'><strong>reddit</strong></span> <span class='ocrx_word' id='word_1_299' title='bbox 1029 4415 1188 4468; x_wconf 82' lang='lat' dir='ltr'><strong>laborantes</strong></span> <span class='ocrx_word' id='word_1_300' title='bbox 1210 4409 1410 4464; x_wconf 84' lang='lat' dir='ltr'><strong>restituendum</strong></span> 
     </span>
     <span class='ocr_line' id='line_1_36' title="bbox 238 4489 1410 4570; baseline 0.003 -25"><span class='ocrx_word' id='word_1_301' title='bbox 238 4495 356 4546; x_wconf 84' lang='lat' dir='ltr'><strong>sortasse</strong></span> <span class='ocrx_word' id='word_1_302' title='bbox 374 4500 416 4548; x_wconf 83' lang='lat' dir='ltr'><strong>ast</strong></span> <span class='ocrx_word' id='word_1_303' title='bbox 431 4489 565 4560; x_wconf 75' lang='grc' dir='ltr'><strong><em>καπιᾶτας</em></strong></span> <span class='ocrx_word' id='word_1_304' title='bbox 587 4498 720 4570; x_wconf 87' lang='lat' dir='ltr'><strong>fossores,</strong></span> <span class='ocrx_word' id='word_1_305' title='bbox 743 4517 826 4569; x_wconf 88' lang='lat' dir='ltr'><strong>quum</strong></span> <span class='ocrx_word' id='word_1_306' title='bbox 848 4503 921 4554; x_wconf 87' lang='lat' dir='ltr'><strong>inter</strong></span> <span class='ocrx_word' id='word_1_307' title='bbox 943 4506 985 4554; x_wconf 84' lang='lat' dir='ltr'><strong>tot</strong></span> <span class='ocrx_word' id='word_1_308' title='bbox 1007 4515 1124 4554; x_wconf 86' lang='lat' dir='ltr'><strong>numera</strong></span> <span class='ocrx_word' id='word_1_309' title='bbox 1148 4499 1331 4552; x_wconf 69' lang='lat' dir='ltr'><strong>ecclesiastica</strong></span> <span class='ocrx_word' id='word_1_310' title='bbox 1347 4498 1410 4548; x_wconf 91' lang='lat' dir='ltr'><strong>sim-</strong></span> 
     </span>
     <span class='ocr_line' id='line_1_37' title="bbox 239 4578 1410 4652; baseline 0.002 -22"><span class='ocrx_word' id='word_1_311' title='bbox 239 4578 306 4646; x_wconf 84' lang='lat' dir='ltr'><strong>plex</strong></span> <span class='ocrx_word' id='word_1_312' title='bbox 322 4578 475 4642; x_wconf 76' lang='grc' dir='ltr'><strong><em>κοπιῶντας</em></strong></span> <span class='ocrx_word' id='word_1_313' title='bbox 492 4583 616 4651; x_wconf 87' lang='lat' dir='ltr'><strong>ineptum</strong></span> <span class='ocrx_word' id='word_1_314' title='bbox 634 4584 767 4638; x_wconf 85' lang='lat' dir='ltr'><strong>videatur.</strong></span> <span class='ocrx_word' id='word_1_315' title='bbox 803 4585 846 4637; x_wconf 91' lang='lat' dir='ltr'><strong>De</strong></span> <span class='ocrx_word' id='word_1_316' title='bbox 871 4586 913 4638; x_wconf 89' lang='lat' dir='ltr'><strong>bis</strong></span> <span class='ocrx_word' id='word_1_317' title='bbox 938 4585 1088 4638; x_wconf 85' lang='lat' dir='ltr'><strong>fossoribus</strong></span> <span class='ocrx_word' id='word_1_318' title='bbox 1112 4583 1175 4637; x_wconf 90' lang='lat' dir='ltr'><strong>vide</strong></span> <span class='ocrx_word' id='word_1_319' title='bbox 1192 4583 1330 4652; x_wconf 83' lang='lat' dir='ltr'><strong>Neander,</strong></span> <span class='ocrx_word' id='word_1_320' title='bbox 1349 4581 1410 4633; x_wconf 85' lang='lat' dir='ltr'><strong>Kir-</strong></span> 
     </span>
     <span class='ocr_line' id='line_1_38' title="bbox 240 4663 1408 4737; baseline 0.004 -21"><span class='ocrx_word' id='word_1_321' title='bbox 240 4663 405 4732; x_wconf 86' lang='lat' dir='ltr'><strong>chengescb.</strong></span> <span class='ocrx_word' id='word_1_322' title='bbox 425 4664 468 4717; x_wconf 88' lang='lat' dir='ltr'><strong>ed.</strong></span> <span class='ocrx_word' id='word_1_323' title='bbox 486 4665 510 4718; x_wconf 85' lang='lat'><strong>3.</strong></span> <span class='ocrx_word' id='word_1_324' title='bbox 529 4669 550 4735; x_wconf 88' lang='lat'><strong>1,</strong></span> <span class='ocrx_word' id='word_1_325' title='bbox 568 4667 594 4737; x_wconf 81' lang='lat'><strong>2,</strong></span> <span class='ocrx_word' id='word_1_326' title='bbox 612 4683 638 4736; x_wconf 91' lang='lat' dir='ltr'><strong>p.</strong></span> <span class='ocrx_word' id='word_1_327' title='bbox 657 4667 716 4722; x_wconf 78' lang='lat'><strong>409.</strong></span> <span class='ocrx_word' id='word_1_328' title='bbox 776 4670 804 4734; x_wconf 79' lang='lat'><strong>²)</strong></span> <span class='ocrx_word' id='word_1_329' title='bbox 822 4669 863 4724; x_wconf 80' lang='lat' dir='ltr'><strong>Gt</strong></span> <span class='ocrx_word' id='word_1_330' title='bbox 883 4671 996 4725; x_wconf 75' lang='lat' dir='ltr'><strong>Tertvvll.</strong></span> <span class='ocrx_word' id='word_1_331' title='bbox 1016 4670 1050 4724; x_wconf 87' lang='lat' dir='ltr'><strong>de</strong></span> <span class='ocrx_word' id='word_1_332' title='bbox 1069 4687 1172 4727; x_wconf 88' lang='lat' dir='ltr'><strong>corona</strong></span> <span class='ocrx_word' id='word_1_333' title='bbox 1189 4671 1266 4724; x_wconf 88' lang='lat' dir='ltr'><strong>milit.</strong></span> <span class='ocrx_word' id='word_1_334' title='bbox 1285 4684 1343 4737; x_wconf 84' lang='lat' dir='ltr'><strong>cap.</strong></span> <span class='ocrx_word' id='word_1_335' title='bbox 1362 4668 1408 4721; x_wconf 85' lang='grc' dir='ltr'><strong>ΙΙΙ.</strong></span> 
     </span>
    </p>
   </div>
   <div class='ocr_carea' id='block_1_6' title="bbox 0 0 1762 5525">
    <p class='ocr_par' dir='ltr' id='par_1_6' title="bbox 0 0 1762 5525">
     <span class='ocr_line' id='line_1_39' title="bbox 0 0 1762 5525; baseline 0 0"><span class='ocrx_word' id='word_1_336' title='bbox 0 0 1762 5525; x_wconf 95' lang='lat' dir='ltr'><strong> </strong></span> 
     </span>
    </p>
   </div>
  </div>
 </body>
</html>
