<?xml version="1.0" encoding="UTF-8"?>
<!DOCTYPE html PUBLIC "-//W3C//DTD XHTML 1.0 Transitional//EN"
    "http://www.w3.org/TR/xhtml1/DTD/xhtml1-transitional.dtd">
<html xmlns="http://www.w3.org/1999/xhtml" xml:lang="en" lang="en">
 <head>
  <title>
</title>
<meta http-equiv="Content-Type" content="text/html;charset=utf-8" />
  <meta name='ocr-system' content='tesseract 3.04.00' />
  <meta name='ocr-capabilities' content='ocr_page ocr_carea ocr_par ocr_line ocrx_word'/>
</head>
<body>
  <div class='ocr_page' id='page_1' title='image "./meletemataignat00merxgoog_0023.png"; bbox 0 0 3500 5525; ppageno 0'>
   <div class='ocr_carea' id='block_1_1' title="bbox 818 558 864 623">
    <p class='ocr_par' dir='ltr' id='par_1_1' title="bbox 818 558 864 623">
     <span class='ocr_line' id='line_1_1' title="bbox 818 558 864 623; baseline -0.022 0"><span class='ocrx_word' id='word_1_1' title='bbox 818 558 864 623; x_wconf 84' lang='lat'><strong>15</strong></span> 
     </span>
    </p>
   </div>
   <div class='ocr_carea' id='block_1_2' title="bbox 737 663 941 673">
    <p class='ocr_par' dir='ltr' id='par_1_2' title="bbox 737 663 941 673">
     <span class='ocr_line' id='line_1_2' title="bbox 737 663 941 673; baseline -0.01 0"><span class='ocrx_word' id='word_1_2' title='bbox 737 663 941 673; x_wconf 80' lang='grc' dir='ltr'><strong>---ι</strong></span> 
     </span>
    </p>
   </div>
   <div class='ocr_carea' id='block_1_3' title="bbox 253 796 1425 1713">
    <p class='ocr_par' dir='ltr' id='par_1_3' title="bbox 253 796 1425 1713">
     <span class='ocr_line' id='line_1_3' title="bbox 254 796 1425 886; baseline -0.008 -19"><span class='ocrx_word' id='word_1_3' title='bbox 254 825 325 869; x_wconf 91' lang='lat' dir='ltr'><strong>sam</strong></span> <span class='ocrx_word' id='word_1_4' title='bbox 343 800 536 881; x_wconf 82' lang='lat' dir='ltr'><strong>invenimus,</strong></span> <span class='ocrx_word' id='word_1_5' title='bbox 554 820 620 885; x_wconf 90' lang='lat' dir='ltr'><strong>qua</strong></span> <span class='ocrx_word' id='word_1_6' title='bbox 635 797 808 863; x_wconf 79' lang='lat' dir='ltr'><strong>authentia</strong></span> <span class='ocrx_word' id='word_1_7' title='bbox 821 798 899 886; x_wconf 82' lang='lat' dir='ltr'><strong>Syri</strong></span> <span class='ocrx_word' id='word_1_8' title='bbox 913 796 1174 880; x_wconf 79' lang='lat' dir='ltr'><strong>commendetur,</strong></span> <span class='ocrx_word' id='word_1_9' title='bbox 1193 806 1304 863; x_wconf 62' lang='lat' dir='ltr'><strong>nmen</strong></span> <span class='ocrx_word' id='word_1_10' title='bbox 1323 816 1425 882; x_wconf 91' lang='lat' dir='ltr'><strong>quum</strong></span> 
     </span>
     <span class='ocr_line' id='line_1_4' title="bbox 254 900 1423 993; baseline -0.008 -22"><span class='ocrx_word' id='word_1_11' title='bbox 254 903 327 993; x_wconf 85' lang='lat' dir='ltr'><strong>ejus</strong></span> <span class='ocrx_word' id='word_1_12' title='bbox 346 902 536 969; x_wconf 85' lang='lat' dir='ltr'><strong>defensores</strong></span> <span class='ocrx_word' id='word_1_13' title='bbox 555 924 685 967; x_wconf 92' lang='lat' dir='ltr'><strong>omnem</strong></span> <span class='ocrx_word' id='word_1_14' title='bbox 710 900 855 989; x_wconf 81' lang='lat' dir='ltr'><strong>lapidem</strong></span> <span class='ocrx_word' id='word_1_15' title='bbox 880 900 1053 982; x_wconf 88' lang='lat' dir='ltr'><strong>moverint,</strong></span> <span class='ocrx_word' id='word_1_16' title='bbox 1082 910 1213 966; x_wconf 91' lang='lat' dir='ltr'><strong>utrem</strong></span> <span class='ocrx_word' id='word_1_17' title='bbox 1239 922 1334 965; x_wconf 90' lang='lat' dir='ltr'><strong>suam</strong></span> <span class='ocrx_word' id='word_1_18' title='bbox 1352 921 1423 963; x_wconf 93' lang='lat' dir='ltr'><strong>mu-</strong></span> 
     </span>
     <span class='ocr_line' id='line_1_5' title="bbox 253 1002 1424 1094; baseline -0.005 -21"><span class='ocrx_word' id='word_1_19' title='bbox 253 1009 358 1089; x_wconf 91' lang='lat' dir='ltr'><strong>niant,</strong></span> <span class='ocrx_word' id='word_1_20' title='bbox 376 1030 442 1073; x_wconf 93' lang='lat' dir='ltr'><strong>non</strong></span> <span class='ocrx_word' id='word_1_21' title='bbox 459 1028 634 1094; x_wconf 90' lang='lat' dir='ltr'><strong>possumus</strong></span> <span class='ocrx_word' id='word_1_22' title='bbox 652 1005 731 1092; x_wconf 93' lang='lat' dir='ltr'><strong>quin</strong></span> <span class='ocrx_word' id='word_1_23' title='bbox 749 1026 960 1091; x_wconf 88' lang='lat' dir='ltr'><strong>quaeramus,</strong></span> <span class='ocrx_word' id='word_1_24' title='bbox 980 1002 1147 1090; x_wconf 92' lang='lat' dir='ltr'><strong>quomodo</strong></span> <span class='ocrx_word' id='word_1_25' title='bbox 1162 1004 1286 1069; x_wconf 84' lang='lat' dir='ltr'><strong>Graeci</strong></span> <span class='ocrx_word' id='word_1_26' title='bbox 1305 1002 1424 1068; x_wconf 88' lang='lat' dir='ltr'><strong>adrer-</strong></span> 
     </span>
     <span class='ocr_line' id='line_1_6' title="bbox 254 1104 1423 1198; baseline -0.005 -21"><span class='ocrx_word' id='word_1_27' title='bbox 254 1112 333 1177; x_wconf 91' lang='lat' dir='ltr'><strong>sarii</strong></span> <span class='ocrx_word' id='word_1_28' title='bbox 351 1110 427 1198; x_wconf 85' lang='lat' dir='ltr'><strong>Syri</strong></span> <span class='ocrx_word' id='word_1_29' title='bbox 446 1109 682 1197; x_wconf 72' lang='lat' dir='ltr'><strong>praestantiam</strong></span> <span class='ocrx_word' id='word_1_30' title='bbox 708 1107 938 1173; x_wconf 87' lang='lat' dir='ltr'><strong>demonstrare</strong></span> <span class='ocrx_word' id='word_1_31' title='bbox 964 1108 1029 1173; x_wconf 89' lang='lat' dir='ltr'><strong>sint</strong></span> <span class='ocrx_word' id='word_1_32' title='bbox 1053 1108 1174 1173; x_wconf 89' lang='lat' dir='ltr'><strong>conati.</strong></span> <span class='ocrx_word' id='word_1_33' title='bbox 1219 1104 1423 1173; x_wconf 83' lang='lat' dir='ltr'><strong>Defensores</strong></span> 
     </span>
     <span class='ocr_line' id='line_1_7' title="bbox 255 1208 1421 1302; baseline -0.004 -24"><span class='ocrx_word' id='word_1_34' title='bbox 255 1214 403 1302; x_wconf 90' lang='lat' dir='ltr'><strong>primarii</strong></span> <span class='ocrx_word' id='word_1_35' title='bbox 421 1222 498 1278; x_wconf 87' lang='lat' dir='ltr'><strong>sunt</strong></span> <span class='ocrx_word' id='word_1_36' title='bbox 516 1213 703 1277; x_wconf 83' lang='lat' dir='ltr'><strong>Curetonus</strong></span> <span class='ocrx_word' id='word_1_37' title='bbox 722 1221 756 1276; x_wconf 92' lang='lat' dir='ltr'><strong>et</strong></span> <span class='ocrx_word' id='word_1_38' title='bbox 773 1211 921 1299; x_wconf 86' lang='lat' dir='ltr'><strong>Lipsius,</strong></span> <span class='ocrx_word' id='word_1_39' title='bbox 940 1210 1110 1293; x_wconf 87' lang='lat' dir='ltr'><strong>Buusenii,</strong></span> <span class='ocrx_word' id='word_1_40' title='bbox 1136 1211 1192 1297; x_wconf 95' lang='lat' dir='ltr'><strong>qui</strong></span> <span class='ocrx_word' id='word_1_41' title='bbox 1210 1219 1338 1275; x_wconf 84' lang='lat' dir='ltr'><strong>textum</strong></span> <span class='ocrx_word' id='word_1_42' title='bbox 1356 1208 1421 1274; x_wconf 94' lang='lat' dir='ltr'><strong>ori-</strong></span> 
     </span>
     <span class='ocr_line' id='line_1_8' title="bbox 255 1309 1423 1405; baseline -0.003 -25"><span class='ocrx_word' id='word_1_43' title='bbox 255 1316 401 1405; x_wconf 78' lang='lat' dir='ltr'><strong>ginalem</strong></span> <span class='ocrx_word' id='word_1_44' title='bbox 426 1316 610 1381; x_wconf 85' lang='lat' dir='ltr'><strong>restituisse</strong></span> <span class='ocrx_word' id='word_1_45' title='bbox 636 1314 697 1379; x_wconf 91' lang='lat' dir='ltr'><strong>sibi</strong></span> <span class='ocrx_word' id='word_1_46' title='bbox 723 1313 855 1381; x_wconf 89' lang='lat' dir='ltr'><strong>videtur</strong></span> <span class='ocrx_word' id='word_1_47' title='bbox 880 1314 1043 1379; x_wconf 89' lang='lat' dir='ltr'><strong>rationem</strong></span> <span class='ocrx_word' id='word_1_48' title='bbox 1067 1312 1272 1395; x_wconf 87' lang='lat' dir='ltr'><strong>habebimus,</strong></span> <span class='ocrx_word' id='word_1_49' title='bbox 1297 1312 1354 1377; x_wconf 93' lang='lat' dir='ltr'><strong>ubi</strong></span> <span class='ocrx_word' id='word_1_50' title='bbox 1380 1309 1423 1377; x_wconf 91' lang='lat' dir='ltr'><strong>de</strong></span> 
     </span>
     <span class='ocr_line' id='line_1_9' title="bbox 256 1415 1422 1507; baseline -0.003 -22"><span class='ocrx_word' id='word_1_51' title='bbox 256 1443 343 1485; x_wconf 79' lang='lat' dir='ltr'><strong>nexu</strong></span> <span class='ocrx_word' id='word_1_52' title='bbox 362 1419 438 1507; x_wconf 90' lang='lat' dir='ltr'><strong>Syri</strong></span> <span class='ocrx_word' id='word_1_53' title='bbox 455 1419 585 1483; x_wconf 88' lang='lat' dir='ltr'><strong>interno</strong></span> <span class='ocrx_word' id='word_1_54' title='bbox 604 1440 753 1506; x_wconf 79' lang='lat' dir='ltr'><strong>agemus.</strong></span> <span class='ocrx_word' id='word_1_55' title='bbox 800 1417 963 1483; x_wconf 83' lang='lat' dir='ltr'><strong>Curetoni</strong></span> <span class='ocrx_word' id='word_1_56' title='bbox 981 1416 1085 1507; x_wconf 82' lang='lat' dir='ltr'><strong>igitur</strong></span> <span class='ocrx_word' id='word_1_57' title='bbox 1103 1426 1137 1483; x_wconf 88' lang='lat' dir='ltr'><strong>et</strong></span> <span class='ocrx_word' id='word_1_58' title='bbox 1154 1416 1261 1505; x_wconf 93' lang='lat' dir='ltr'><strong>Lipsii</strong></span> <span class='ocrx_word' id='word_1_59' title='bbox 1279 1415 1422 1504; x_wconf 75' lang='lat' dir='ltr'><strong>vestigia</strong></span> 
     </span>
     <span class='ocr_line' id='line_1_10' title="bbox 255 1517 1422 1609; baseline -0.004 -22"><span class='ocrx_word' id='word_1_60' title='bbox 255 1546 342 1588; x_wconf 90' lang='lat' dir='ltr'><strong>nunc</strong></span> <span class='ocrx_word' id='word_1_61' title='bbox 366 1522 460 1588; x_wconf 89' lang='lat' dir='ltr'><strong>nobis</strong></span> <span class='ocrx_word' id='word_1_62' title='bbox 485 1533 563 1587; x_wconf 89' lang='lat' dir='ltr'><strong>suut</strong></span> <span class='ocrx_word' id='word_1_63' title='bbox 585 1519 779 1609; x_wconf 89' lang='lat' dir='ltr'><strong>premenda,</strong></span> <span class='ocrx_word' id='word_1_64' title='bbox 807 1543 874 1607; x_wconf 93' lang='lat' dir='ltr'><strong>quo</strong></span> <span class='ocrx_word' id='word_1_65' title='bbox 899 1519 988 1586; x_wconf 83' lang='lat' dir='ltr'><strong>lacto</strong></span> <span class='ocrx_word' id='word_1_66' title='bbox 1015 1518 1147 1587; x_wconf 89' lang='lat' dir='ltr'><strong>demum</strong></span> <span class='ocrx_word' id='word_1_67' title='bbox 1172 1542 1213 1585; x_wconf 93' lang='lat' dir='ltr'><strong>eo</strong></span> <span class='ocrx_word' id='word_1_68' title='bbox 1238 1517 1422 1608; x_wconf 88' lang='lat' dir='ltr'><strong>procedere</strong></span> 
     </span>
     <span class='ocr_line' id='line_1_11' title="bbox 256 1623 1419 1713; baseline -0.003 -22"><span class='ocrx_word' id='word_1_69' title='bbox 256 1647 442 1713; x_wconf 89' lang='lat' dir='ltr'><strong>possumus,</strong></span> <span class='ocrx_word' id='word_1_70' title='bbox 461 1635 498 1691; x_wconf 90' lang='lat' dir='ltr'><strong>ut</strong></span> <span class='ocrx_word' id='word_1_71' title='bbox 517 1625 550 1689; x_wconf 93' lang='lat' dir='ltr'><strong>in</strong></span> <span class='ocrx_word' id='word_1_72' title='bbox 568 1626 673 1713; x_wconf 92' lang='lat' dir='ltr'><strong>ipsam</strong></span> <span class='ocrx_word' id='word_1_73' title='bbox 686 1625 848 1691; x_wconf 84' lang='lat' dir='ltr'><strong>versionis</strong></span> <span class='ocrx_word' id='word_1_74' title='bbox 866 1625 1017 1713; x_wconf 81' lang='lat' dir='ltr'><strong>syriacae</strong></span> <span class='ocrx_word' id='word_1_75' title='bbox 1035 1634 1188 1691; x_wconf 89' lang='lat' dir='ltr'><strong>naturam</strong></span> <span class='ocrx_word' id='word_1_76' title='bbox 1205 1623 1419 1710; x_wconf 88' lang='lat' dir='ltr'><strong>inquiramus.</strong></span> 
     </span>
    </p>
   </div>
   <div class='ocr_carea' id='block_1_4' title="bbox 739 1898 943 1909">
    <p class='ocr_par' dir='ltr' id='par_1_4' title="bbox 739 1898 943 1909">
     <span class='ocr_line' id='line_1_12' title="bbox 739 1898 943 1909; baseline -0.005 0"><span class='ocrx_word' id='word_1_77' title='bbox 739 1898 943 1909; x_wconf 64' lang='lat' dir='ltr'><strong>---—-—-—a-—-⁴</strong></span> 
     </span>
    </p>
   </div>
   <div class='ocr_carea' id='block_1_5' title="bbox 626 2094 1057 2178">
    <p class='ocr_par' dir='ltr' id='par_1_5' title="bbox 626 2094 1057 2178">
     <span class='ocr_line' id='line_1_13' title="bbox 626 2094 1057 2178; baseline -0.002 -17"><span class='ocrx_word' id='word_1_78' title='bbox 626 2094 776 2178; x_wconf 82' lang='lat' dir='ltr'><strong>Caput</strong></span> <span class='ocrx_word' id='word_1_79' title='bbox 798 2098 1057 2160; x_wconf 81' lang='lat' dir='ltr'><strong>secundum.</strong></span> 
     </span>
    </p>
   </div>
   <div class='ocr_carea' id='block_1_6' title="bbox 399 2246 1283 2370">
    <p class='ocr_par' dir='ltr' id='par_1_6' title="bbox 399 2246 1283 2370">
     <span class='ocr_line' id='line_1_14' title="bbox 399 2246 1283 2370; baseline 0 -26"><span class='ocrx_word' id='word_1_80' title='bbox 399 2246 592 2361; x_wconf 67' lang='lat' dir='ltr'><strong>Quomodo</strong></span> <span class='ocrx_word' id='word_1_81' title='bbox 622 2247 801 2346; x_wconf 72' lang='lat' dir='ltr'><strong>recensio</strong></span> <span class='ocrx_word' id='word_1_82' title='bbox 833 2248 992 2370; x_wconf 81' lang='lat' dir='ltr'><strong>syriaca</strong></span> <span class='ocrx_word' id='word_1_83' title='bbox 1023 2248 1078 2345; x_wconf 89' lang='lat' dir='ltr'><strong>sit</strong></span> <span class='ocrx_word' id='word_1_84' title='bbox 1109 2246 1283 2345; x_wconf 82' lang='lat' dir='ltr'><strong>detensa.</strong></span> 
     </span>
    </p>
   </div>
   <div class='ocr_carea' id='block_1_7' title="bbox 255 2442 1425 3566">
    <p class='ocr_par' dir='ltr' id='par_1_7' title="bbox 255 2442 1425 3566">
     <span class='ocr_line' id='line_1_15' title="bbox 334 2442 1424 2532; baseline 0.001 -22"><span class='ocrx_word' id='word_1_85' title='bbox 334 2445 469 2510; x_wconf 86' lang='lat' dir='ltr'><strong>Primus</strong></span> <span class='ocrx_word' id='word_1_86' title='bbox 487 2444 677 2511; x_wconf 91' lang='lat' dir='ltr'><strong>authentiae</strong></span> <span class='ocrx_word' id='word_1_87' title='bbox 696 2456 842 2511; x_wconf 86' lang='lat' dir='ltr'><strong>assertor</strong></span> <span class='ocrx_word' id='word_1_88' title='bbox 859 2445 987 2511; x_wconf 83' lang='lat' dir='ltr'><strong>exstitit</strong></span> <span class='ocrx_word' id='word_1_89' title='bbox 1006 2446 1206 2528; x_wconf 85' lang='lat' dir='ltr'><strong>Curetonus,</strong></span> <span class='ocrx_word' id='word_1_90' title='bbox 1227 2442 1320 2532; x_wconf 91' lang='lat' dir='ltr'><strong>cujus</strong></span> <span class='ocrx_word' id='word_1_91' title='bbox 1338 2444 1424 2511; x_wconf 89' lang='lat' dir='ltr'><strong>ratio</strong></span> 
     </span>
     <span class='ocr_line' id='line_1_16' title="bbox 257 2544 1423 2637; baseline 0.002 -24"><span class='ocrx_word' id='word_1_92' title='bbox 257 2570 343 2614; x_wconf 91' lang='lat' dir='ltr'><strong>nunc</strong></span> <span class='ocrx_word' id='word_1_93' title='bbox 360 2550 456 2613; x_wconf 90' lang='lat' dir='ltr'><strong>nobis</strong></span> <span class='ocrx_word' id='word_1_94' title='bbox 474 2558 525 2614; x_wconf 89' lang='lat' dir='ltr'><strong>est</strong></span> <span class='ocrx_word' id='word_1_95' title='bbox 538 2546 781 2636; x_wconf 81' lang='lat' dir='ltr'><strong>investiganda.</strong></span> <span class='ocrx_word' id='word_1_96' title='bbox 809 2548 931 2636; x_wconf 91' lang='lat' dir='ltr'><strong>Incipit</strong></span> <span class='ocrx_word' id='word_1_97' title='bbox 945 2547 1194 2627; x_wconf 79' lang='lat' dir='ltr'><strong>(Introduction</strong></span> <span class='ocrx_word' id='word_1_98' title='bbox 1207 2572 1240 2636; x_wconf 92' lang='lat' dir='ltr'><strong>p.</strong></span> <span class='ocrx_word' id='word_1_99' title='bbox 1255 2544 1423 2637; x_wconf 85' lang='lat' dir='ltr'>XXXIV)</span> 
     </span>
     <span class='ocr_line' id='line_1_17' title="bbox 257 2650 1424 2740; baseline 0 -23"><span class='ocrx_word' id='word_1_100' title='bbox 257 2675 297 2717; x_wconf 90' lang='lat' dir='ltr'><strong>eo</strong></span> <span class='ocrx_word' id='word_1_101' title='bbox 316 2651 407 2738; x_wconf 91' lang='lat' dir='ltr'><strong>quod</strong></span> <span class='ocrx_word' id='word_1_102' title='bbox 425 2652 566 2738; x_wconf 89' lang='lat' dir='ltr'><strong>quaerit,</strong></span> <span class='ocrx_word' id='word_1_103' title='bbox 584 2661 696 2717; x_wconf 91' lang='lat' dir='ltr'><strong>utrum</strong></span> <span class='ocrx_word' id='word_1_104' title='bbox 715 2674 734 2717; x_wconf 92' lang='lat' dir='ltr'><strong>a</strong></span> <span class='ocrx_word' id='word_1_105' title='bbox 749 2653 834 2740; x_wconf 84' lang='lat' dir='ltr'><strong>Syro</strong></span> <span class='ocrx_word' id='word_1_106' title='bbox 850 2652 965 2740; x_wconf 84' lang='lat' dir='ltr'><strong>graeci</strong></span> <span class='ocrx_word' id='word_1_107' title='bbox 983 2660 1093 2717; x_wconf 86' lang='lat' dir='ltr'><strong>textus</strong></span> <span class='ocrx_word' id='word_1_108' title='bbox 1111 2662 1223 2739; x_wconf 92' lang='lat' dir='ltr'><strong>partes</strong></span> <span class='ocrx_word' id='word_1_109' title='bbox 1241 2651 1306 2717; x_wconf 89' lang='lat' dir='ltr'><strong>sint</strong></span> <span class='ocrx_word' id='word_1_110' title='bbox 1325 2650 1424 2717; x_wconf 90' lang='lat' dir='ltr'><strong>omis-</strong></span> 
     </span>
     <span class='ocr_line' id='line_1_18' title="bbox 256 2754 1424 2845; baseline 0.001 -24"><span class='ocrx_word' id='word_1_111' title='bbox 256 2780 324 2839; x_wconf 89' lang='lat' dir='ltr'><strong>sae,</strong></span> <span class='ocrx_word' id='word_1_112' title='bbox 344 2779 386 2822; x_wconf 93' lang='lat' dir='ltr'><strong>an</strong></span> <span class='ocrx_word' id='word_1_113' title='bbox 405 2756 556 2822; x_wconf 86' lang='lat' dir='ltr'><strong>Graecus</strong></span> <span class='ocrx_word' id='word_1_114' title='bbox 574 2766 701 2822; x_wconf 86' lang='lat' dir='ltr'><strong>textum</strong></span> <span class='ocrx_word' id='word_1_115' title='bbox 720 2779 808 2837; x_wconf 89' lang='lat' dir='ltr'><strong>eum,</strong></span> <span class='ocrx_word' id='word_1_116' title='bbox 834 2779 932 2844; x_wconf 91' lang='lat' dir='ltr'><strong>quem</strong></span> <span class='ocrx_word' id='word_1_117' title='bbox 950 2756 1054 2845; x_wconf 87' lang='lat' dir='ltr'><strong>Syrus</strong></span> <span class='ocrx_word' id='word_1_118' title='bbox 1073 2754 1227 2822; x_wconf 90' lang='lat' dir='ltr'><strong>habuerit</strong></span> <span class='ocrx_word' id='word_1_119' title='bbox 1244 2754 1424 2844; x_wconf 89' lang='lat' dir='ltr'><strong>interpola-</strong></span> 
     </span>
     <span class='ocr_line' id='line_1_19' title="bbox 257 2857 1425 2945; baseline 0.001 -22"><span class='ocrx_word' id='word_1_120' title='bbox 257 2860 353 2926; x_wconf 85' lang='lat' dir='ltr'><strong>verit.</strong></span> <span class='ocrx_word' id='word_1_121' title='bbox 381 2859 576 2926; x_wconf 88' lang='lat' dir='ltr'><strong>Omissionis</strong></span> <span class='ocrx_word' id='word_1_122' title='bbox 593 2882 728 2924; x_wconf 88' lang='lat' dir='ltr'><strong>causam</strong></span> <span class='ocrx_word' id='word_1_123' title='bbox 746 2857 827 2924; x_wconf 90' lang='lat' dir='ltr'><strong>dicit</strong></span> <span class='ocrx_word' id='word_1_124' title='bbox 852 2882 918 2924; x_wconf 91' lang='lat' dir='ltr'><strong>non</strong></span> <span class='ocrx_word' id='word_1_125' title='bbox 937 2883 1021 2941; x_wconf 88' lang='lat' dir='ltr'><strong>asse,</strong></span> <span class='ocrx_word' id='word_1_126' title='bbox 1047 2881 1148 2945; x_wconf 94' lang='lat' dir='ltr'><strong>quum</strong></span> <span class='ocrx_word' id='word_1_127' title='bbox 1167 2860 1335 2925; x_wconf 89' lang='lat' dir='ltr'><strong>doctrinas</strong></span> <span class='ocrx_word' id='word_1_128' title='bbox 1352 2869 1425 2924; x_wconf 83' lang='lat' dir='ltr'><strong>tex-</strong></span> 
     </span>
     <span class='ocr_line' id='line_1_20' title="bbox 256 2960 1425 3051; baseline 0 -23"><span class='ocrx_word' id='word_1_129' title='bbox 256 2973 310 3028; x_wconf 93' lang='lat' dir='ltr'><strong>tus</strong></span> <span class='ocrx_word' id='word_1_130' title='bbox 326 2963 441 3051; x_wconf 78' lang='lat' dir='ltr'><strong>graeci</strong></span> <span class='ocrx_word' id='word_1_131' title='bbox 459 2964 563 3050; x_wconf 88' lang='lat' dir='ltr'><strong>Syrus</strong></span> <span class='ocrx_word' id='word_1_132' title='bbox 582 2983 648 3026; x_wconf 93' lang='lat' dir='ltr'><strong>non</strong></span> <span class='ocrx_word' id='word_1_133' title='bbox 665 2963 841 3049; x_wconf 88' lang='lat' dir='ltr'><strong>respuerit,</strong></span> <span class='ocrx_word' id='word_1_134' title='bbox 869 2963 925 3048; x_wconf 92' lang='lat' dir='ltr'><strong>qui</strong></span> <span class='ocrx_word' id='word_1_135' title='bbox 952 2962 1024 3028; x_wconf 86' lang='lat' dir='ltr'><strong>aliis</strong></span> <span class='ocrx_word' id='word_1_136' title='bbox 1050 2962 1131 3028; x_wconf 89' lang='lat' dir='ltr'><strong>locis</strong></span> <span class='ocrx_word' id='word_1_137' title='bbox 1151 2960 1285 3028; x_wconf 84' lang='lat' dir='ltr'><strong>easdem</strong></span> <span class='ocrx_word' id='word_1_138' title='bbox 1303 2983 1425 3050; x_wconf 90' lang='lat' dir='ltr'><strong>propo-</strong></span> 
     </span>
     <span class='ocr_line' id='line_1_21' title="bbox 257 3064 1425 3154; baseline 0 -24"><span class='ocrx_word' id='word_1_139' title='bbox 257 3075 327 3147; x_wconf 91' lang='lat' dir='ltr'><strong>nat,</strong></span> <span class='ocrx_word' id='word_1_140' title='bbox 344 3066 457 3152; x_wconf 92' lang='lat' dir='ltr'><strong>itaque</strong></span> <span class='ocrx_word' id='word_1_141' title='bbox 474 3088 541 3130; x_wconf 92' lang='lat' dir='ltr'><strong>non</strong></span> <span class='ocrx_word' id='word_1_142' title='bbox 558 3065 629 3130; x_wconf 91' lang='lat' dir='ltr'><strong>sine</strong></span> <span class='ocrx_word' id='word_1_143' title='bbox 646 3065 757 3152; x_wconf 91' lang='lat' dir='ltr'><strong>specie</strong></span> <span class='ocrx_word' id='word_1_144' title='bbox 775 3065 924 3130; x_wconf 90' lang='lat' dir='ltr'><strong>veritatis</strong></span> <span class='ocrx_word' id='word_1_145' title='bbox 942 3064 1167 3154; x_wconf 83' lang='lat' dir='ltr'><strong>colligendum</strong></span> <span class='ocrx_word' id='word_1_146' title='bbox 1190 3087 1274 3148; x_wconf 90' lang='lat' dir='ltr'><strong>esse,</strong></span> <span class='ocrx_word' id='word_1_147' title='bbox 1303 3065 1425 3153; x_wconf 85' lang='lat' dir='ltr'><strong>Syrum</strong></span> 
     </span>
     <span class='ocr_line' id='line_1_22' title="bbox 258 3166 1425 3257; baseline 0.002 -25"><span class='ocrx_word' id='word_1_148' title='bbox 258 3190 324 3232; x_wconf 93' lang='lat' dir='ltr'><strong>non</strong></span> <span class='ocrx_word' id='word_1_149' title='bbox 341 3169 471 3257; x_wconf 82' lang='lat' dir='ltr'><strong>singula</strong></span> <span class='ocrx_word' id='word_1_150' title='bbox 495 3169 605 3256; x_wconf 89' lang='lat' dir='ltr'><strong>capita</strong></span> <span class='ocrx_word' id='word_1_151' title='bbox 632 3167 781 3234; x_wconf 87' lang='lat' dir='ltr'><strong>omisisse</strong></span> <span class='ocrx_word' id='word_1_152' title='bbox 805 3166 865 3234; x_wconf 90' lang='lat' dir='ltr'><strong>sed</strong></span> <span class='ocrx_word' id='word_1_153' title='bbox 890 3170 1059 3234; x_wconf 87' lang='lat' dir='ltr'><strong>Graecum</strong></span> <span class='ocrx_word' id='word_1_154' title='bbox 1082 3192 1122 3234; x_wconf 88' lang='lat' dir='ltr'><strong>ea</strong></span> <span class='ocrx_word' id='word_1_155' title='bbox 1147 3167 1325 3234; x_wconf 87' lang='lat' dir='ltr'><strong>addidisse.</strong></span> <span class='ocrx_word' id='word_1_156' title='bbox 1379 3169 1425 3234; x_wconf 79' lang='lat' dir='ltr'><strong>At</strong></span> 
     </span>
     <span class='ocr_line' id='line_1_23' title="bbox 257 3270 1422 3361; baseline 0.002 -25"><span class='ocrx_word' id='word_1_157' title='bbox 257 3281 328 3337; x_wconf 91' lang='lat' dir='ltr'><strong>tota</strong></span> <span class='ocrx_word' id='word_1_158' title='bbox 345 3272 427 3338; x_wconf 87' lang='lat' dir='ltr'><strong>haee</strong></span> <span class='ocrx_word' id='word_1_159' title='bbox 445 3272 690 3361; x_wconf 85' lang='lat' dir='ltr'><strong>argumentatio</strong></span> <span class='ocrx_word' id='word_1_160' title='bbox 709 3270 752 3338; x_wconf 93' lang='lat' dir='ltr'><strong>ad</strong></span> <span class='ocrx_word' id='word_1_161' title='bbox 772 3294 842 3337; x_wconf 90' lang='lat' dir='ltr'><strong>rem</strong></span> <span class='ocrx_word' id='word_1_162' title='bbox 859 3295 926 3336; x_wconf 91' lang='lat' dir='ltr'><strong>non</strong></span> <span class='ocrx_word' id='word_1_163' title='bbox 944 3273 1100 3360; x_wconf 87' lang='lat' dir='ltr'><strong>pertinet,</strong></span> <span class='ocrx_word' id='word_1_164' title='bbox 1119 3282 1233 3338; x_wconf 90' lang='lat' dir='ltr'><strong>nostra</strong></span> <span class='ocrx_word' id='word_1_165' title='bbox 1252 3272 1339 3338; x_wconf 91' lang='lat' dir='ltr'><strong>enim</strong></span> <span class='ocrx_word' id='word_1_166' title='bbox 1355 3294 1422 3338; x_wconf 88' lang='lat' dir='ltr'><strong>nou</strong></span> 
     </span>
     <span class='ocr_line' id='line_1_24' title="bbox 257 3373 1423 3465; baseline 0.001 -24"><span class='ocrx_word' id='word_1_167' title='bbox 257 3375 395 3442; x_wconf 88' lang='lat' dir='ltr'><strong>interest</strong></span> <span class='ocrx_word' id='word_1_168' title='bbox 412 3399 546 3442; x_wconf 90' lang='lat' dir='ltr'><strong>causam</strong></span> <span class='ocrx_word' id='word_1_169' title='bbox 565 3375 773 3464; x_wconf 82' lang='lat' dir='ltr'><strong>cognovisse,</strong></span> <span class='ocrx_word' id='word_1_170' title='bbox 799 3398 859 3440; x_wconf 91' lang='lat' dir='ltr'><strong>cur</strong></span> <span class='ocrx_word' id='word_1_171' title='bbox 877 3377 983 3464; x_wconf 84' lang='lat' dir='ltr'><strong>Syrus</strong></span> <span class='ocrx_word' id='word_1_172' title='bbox 1000 3377 1048 3442; x_wconf 90' lang='lat' dir='ltr'><strong>ita</strong></span> <span class='ocrx_word' id='word_1_173' title='bbox 1066 3376 1186 3465; x_wconf 82' lang='lat' dir='ltr'><strong>egerit,</strong></span> <span class='ocrx_word' id='word_1_174' title='bbox 1212 3373 1272 3442; x_wconf 90' lang='lat' dir='ltr'><strong>sed</strong></span> <span class='ocrx_word' id='word_1_175' title='bbox 1297 3374 1332 3442; x_wconf 93' lang='lat' dir='ltr'><strong>id</strong></span> <span class='ocrx_word' id='word_1_176' title='bbox 1349 3386 1423 3442; x_wconf 88' lang='lat' dir='ltr'><strong>tan-</strong></span> 
     </span>
     <span class='ocr_line' id='line_1_25' title="bbox 255 3478 1422 3566; baseline 0 -22"><span class='ocrx_word' id='word_1_177' title='bbox 255 3488 326 3544; x_wconf 92' lang='lat' dir='ltr'><strong>tum</strong></span> <span class='ocrx_word' id='word_1_178' title='bbox 343 3501 510 3562; x_wconf 87' lang='lat' dir='ltr'><strong>curamus,</strong></span> <span class='ocrx_word' id='word_1_179' title='bbox 528 3502 606 3545; x_wconf 92' lang='lat' dir='ltr'><strong>num</strong></span> <span class='ocrx_word' id='word_1_180' title='bbox 624 3479 757 3544; x_wconf 92' lang='lat' dir='ltr'><strong>omniuo</strong></span> <span class='ocrx_word' id='word_1_181' title='bbox 775 3478 866 3544; x_wconf 88' lang='lat' dir='ltr'><strong>locos</strong></span> <span class='ocrx_word' id='word_1_182' title='bbox 886 3479 1044 3546; x_wconf 91' lang='lat' dir='ltr'><strong>omiserit.</strong></span> <span class='ocrx_word' id='word_1_183' title='bbox 1077 3479 1160 3554; x_wconf 85' lang='lat' dir='ltr'><strong>Quis</strong></span> <span class='ocrx_word' id='word_1_184' title='bbox 1179 3479 1264 3544; x_wconf 91' lang='lat' dir='ltr'><strong>enim</strong></span> <span class='ocrx_word' id='word_1_185' title='bbox 1283 3489 1345 3562; x_wconf 89' lang='lat' dir='ltr'><strong>est,</strong></span> <span class='ocrx_word' id='word_1_186' title='bbox 1366 3479 1422 3566; x_wconf 92' lang='lat' dir='ltr'><strong>qni</strong></span> 
     </span>
    </p>
   </div>
   <div class='ocr_carea' id='block_1_8' title="bbox 255 3580 1555 3670">
    <p class='ocr_par' dir='ltr' id='par_1_8' title="bbox 255 3580 1555 3670">
     <span class='ocr_line' id='line_1_26' title="bbox 255 3580 1555 3670; baseline 0.002 -24"><span class='ocrx_word' id='word_1_187' title='bbox 255 3592 359 3670; x_wconf 79' lang='lat' dir='ltr'><strong>neget</strong></span> <span class='ocrx_word' id='word_1_188' title='bbox 375 3605 447 3648; x_wconf 90' lang='lat' dir='ltr'><strong>rem</strong></span> <span class='ocrx_word' id='word_1_189' title='bbox 472 3605 545 3648; x_wconf 88' lang='lat' dir='ltr'><strong>esse</strong></span> <span class='ocrx_word' id='word_1_190' title='bbox 567 3580 701 3665; x_wconf 87' lang='lat' dir='ltr'><strong>factam,</strong></span> <span class='ocrx_word' id='word_1_191' title='bbox 726 3604 828 3668; x_wconf 90' lang='lat' dir='ltr'><strong>quum</strong></span> <span class='ocrx_word' id='word_1_192' title='bbox 853 3605 987 3648; x_wconf 88' lang='lat' dir='ltr'><strong>causam</strong></span> <span class='ocrx_word' id='word_1_193' title='bbox 1010 3605 1076 3648; x_wconf 91' lang='lat' dir='ltr'><strong>non</strong></span> <span class='ocrx_word' id='word_1_194' title='bbox 1098 3581 1286 3670; x_wconf 74' lang='lat' dir='ltr'><strong>intelligat?</strong></span> <span class='ocrx_word' id='word_1_195' title='bbox 1326 3582 1427 3648; x_wconf 85' lang='lat' dir='ltr'><strong>Haec</strong></span> <span class='ocrx_word' id='word_1_196' title='bbox 1552 3603 1555 3610; x_wconf 77' lang='grc'>’</span> 
     </span>
    </p>
   </div>
   <div class='ocr_carea' id='block_1_9' title="bbox 255 3683 1500 4474">
    <p class='ocr_par' dir='ltr' id='par_1_9' title="bbox 255 3683 1500 4474">
     <span class='ocr_line' id='line_1_27' title="bbox 256 3683 1500 3772; baseline 0.002 -22"><span class='ocrx_word' id='word_1_197' title='bbox 256 3695 307 3750; x_wconf 91' lang='lat' dir='ltr'><strong>est</strong></span> <span class='ocrx_word' id='word_1_198' title='bbox 332 3686 589 3772; x_wconf 87' lang='lat' dir='ltr'><strong>praeoccupatio</strong></span> <span class='ocrx_word' id='word_1_199' title='bbox 620 3684 767 3750; x_wconf 91' lang='lat' dir='ltr'><strong>lectoris.</strong></span> <span class='ocrx_word' id='word_1_200' title='bbox 812 3683 885 3750; x_wconf 93' lang='lat' dir='ltr'><strong>Nos</strong></span> <span class='ocrx_word' id='word_1_201' title='bbox 912 3708 1012 3772; x_wconf 91' lang='lat' dir='ltr'><strong>supra</strong></span> <span class='ocrx_word' id='word_1_202' title='bbox 1031 3683 1102 3772; x_wconf 87' lang='lat' dir='ltr'><strong>jam</strong></span> <span class='ocrx_word' id='word_1_203' title='bbox 1127 3684 1425 3750; x_wconf 87' lang='lat' dir='ltr'><strong>demonstravimus</strong></span> <span class='ocrx_word' id='word_1_204' title='bbox 1496 3745 1500 3752; x_wconf 90' lang='lat'><strong>.</strong></span> 
     </span>
     <span class='ocr_line' id='line_1_28' title="bbox 256 3785 1425 3876; baseline 0.002 -24"><span class='ocrx_word' id='word_1_205' title='bbox 256 3786 442 3854; x_wconf 91' lang='lat' dir='ltr'><strong>doctrinam</strong></span> <span class='ocrx_word' id='word_1_206' title='bbox 459 3787 598 3853; x_wconf 91' lang='lat' dir='ltr'><strong>eandem</strong></span> <span class='ocrx_word' id='word_1_207' title='bbox 617 3788 767 3853; x_wconf 89' lang='lat' dir='ltr'><strong>omnibus</strong></span> <span class='ocrx_word' id='word_1_208' title='bbox 786 3785 933 3876; x_wconf 89' lang='lat' dir='ltr'><strong>epistolis</strong></span> <span class='ocrx_word' id='word_1_209' title='bbox 952 3787 1111 3854; x_wconf 82' lang='lat' dir='ltr'><strong>exbiberi.</strong></span> <span class='ocrx_word' id='word_1_210' title='bbox 1149 3789 1200 3852; x_wconf 82' lang='lat' dir='ltr'><strong>Ab</strong></span> <span class='ocrx_word' id='word_1_211' title='bbox 1219 3786 1325 3852; x_wconf 88' lang='lat' dir='ltr'><strong>altera</strong></span> <span class='ocrx_word' id='word_1_212' title='bbox 1342 3808 1425 3854; x_wconf 79' lang='lat' dir='ltr'><strong>vero</strong></span> 
     </span>
     <span class='ocr_line' id='line_1_29' title="bbox 256 3887 1423 3981; baseline 0 -25"><span class='ocrx_word' id='word_1_213' title='bbox 256 3901 352 3978; x_wconf 87' lang='lat' dir='ltr'><strong>parta</strong></span> <span class='ocrx_word' id='word_1_214' title='bbox 369 3889 422 3981; x_wconf 87' lang='lat' dir='ltr'><strong>(p.</strong></span> <span class='ocrx_word' id='word_1_215' title='bbox 437 3890 609 3981; x_wconf 86' lang='lat' dir='ltr'>XXXIX)</span> <span class='ocrx_word' id='word_1_216' title='bbox 627 3889 800 3980; x_wconf 81' lang='lat' dir='ltr'><strong>probabile</strong></span> <span class='ocrx_word' id='word_1_217' title='bbox 818 3892 989 3956; x_wconf 81' lang='lat' dir='ltr'><strong>Curetono</strong></span> <span class='ocrx_word' id='word_1_218' title='bbox 1008 3887 1151 3972; x_wconf 87' lang='lat' dir='ltr'><strong>videtur,</strong></span> <span class='ocrx_word' id='word_1_219' title='bbox 1170 3891 1276 3956; x_wconf 88' lang='lat' dir='ltr'><strong>virum</strong></span> <span class='ocrx_word' id='word_1_220' title='bbox 1295 3889 1423 3978; x_wconf 90' lang='lat' dir='ltr'><strong>episco-</strong></span> 
     </span>
     <span class='ocr_line' id='line_1_30' title="bbox 256 3993 1425 4083; baseline 0.001 -23"><span class='ocrx_word' id='word_1_221' title='bbox 256 4017 374 4081; x_wconf 92' lang='lat' dir='ltr'><strong>porum</strong></span> <span class='ocrx_word' id='word_1_222' title='bbox 392 3995 625 4060; x_wconf 87' lang='lat' dir='ltr'><strong>auctoritatem</strong></span> <span class='ocrx_word' id='word_1_223' title='bbox 650 3995 868 4060; x_wconf 89' lang='lat' dir='ltr'><strong>corroborare</strong></span> <span class='ocrx_word' id='word_1_224' title='bbox 890 3994 1077 4082; x_wconf 87' lang='lat' dir='ltr'><strong>cupientem</strong></span> <span class='ocrx_word' id='word_1_225' title='bbox 1102 3993 1248 4083; x_wconf 55' lang='lat' dir='ltr'><strong>Quane,</strong></span> <span class='ocrx_word' id='word_1_226' title='bbox 1275 4016 1425 4061; x_wconf 87' lang='lat' dir='ltr'><strong>summae</strong></span> 
     </span>
     <span class='ocr_line' id='line_1_31' title="bbox 256 4096 1424 4186; baseline -0.002 -22"><span class='ocrx_word' id='word_1_227' title='bbox 256 4096 428 4186; x_wconf 79' lang='lat' dir='ltr'><strong>dignitatis</strong></span> <span class='ocrx_word' id='word_1_228' title='bbox 451 4098 535 4181; x_wconf 89' lang='lat' dir='ltr'><strong>viro,</strong></span> <span class='ocrx_word' id='word_1_229' title='bbox 561 4097 652 4164; x_wconf 88' lang='lat' dir='ltr'><strong>locos</strong></span> <span class='ocrx_word' id='word_1_230' title='bbox 677 4098 900 4185; x_wconf 90' lang='lat' dir='ltr'><strong>supposuisse.</strong></span> <span class='ocrx_word' id='word_1_231' title='bbox 945 4098 990 4163; x_wconf 76' lang='lat' dir='ltr'><strong>At</strong></span> <span class='ocrx_word' id='word_1_232' title='bbox 1016 4097 1081 4164; x_wconf 90' lang='lat' dir='ltr'><strong>hoc</strong></span> <span class='ocrx_word' id='word_1_233' title='bbox 1106 4097 1237 4164; x_wconf 91' lang='lat' dir='ltr'><strong>omnino</strong></span> <span class='ocrx_word' id='word_1_234' title='bbox 1256 4119 1323 4162; x_wconf 91' lang='lat' dir='ltr'><strong>non</strong></span> <span class='ocrx_word' id='word_1_235' title='bbox 1340 4119 1424 4185; x_wconf 91' lang='lat' dir='ltr'><strong>opus</strong></span> 
     </span>
     <span class='ocr_line' id='line_1_32' title="bbox 256 4199 1422 4288; baseline -0.001 -22"><span class='ocrx_word' id='word_1_236' title='bbox 256 4210 341 4282; x_wconf 91' lang='lat' dir='ltr'><strong>erat,</strong></span> <span class='ocrx_word' id='word_1_237' title='bbox 364 4199 484 4287; x_wconf 86' lang='lat' dir='ltr'><strong>quodsi</strong></span> <span class='ocrx_word' id='word_1_238' title='bbox 502 4201 632 4288; x_wconf 89' lang='lat' dir='ltr'><strong>scriptis</strong></span> <span class='ocrx_word' id='word_1_239' title='bbox 655 4201 808 4288; x_wconf 82' lang='lat' dir='ltr'><strong>genuinis</strong></span> <span class='ocrx_word' id='word_1_240' title='bbox 832 4201 915 4267; x_wconf 90' lang='lat' dir='ltr'><strong>baec</strong></span> <span class='ocrx_word' id='word_1_241' title='bbox 942 4200 1093 4268; x_wconf 90' lang='lat' dir='ltr'><strong>doctrina</strong></span> <span class='ocrx_word' id='word_1_242' title='bbox 1117 4199 1422 4284; x_wconf 86' lang='lat' dir='ltr'><strong>commendabatur,</strong></span> 
     </span>
     <span class='ocr_line' id='line_1_33' title="bbox 255 4300 1425 4392; baseline 0.003 -26"><span class='ocrx_word' id='word_1_243' title='bbox 255 4300 408 4370; x_wconf 81' lang='lat' dir='ltr'><strong>falsarius</strong></span> <span class='ocrx_word' id='word_1_244' title='bbox 434 4326 504 4369; x_wconf 92' lang='lat' dir='ltr'><strong>rem</strong></span> <span class='ocrx_word' id='word_1_245' title='bbox 534 4304 693 4368; x_wconf 89' lang='lat' dir='ltr'><strong>intactam</strong></span> <span class='ocrx_word' id='word_1_246' title='bbox 724 4312 858 4390; x_wconf 87' lang='lat' dir='ltr'><strong>poterat</strong></span> <span class='ocrx_word' id='word_1_247' title='bbox 889 4303 1087 4392; x_wconf 86' lang='lat' dir='ltr'><strong>relinquere.</strong></span> <span class='ocrx_word' id='word_1_248' title='bbox 1142 4303 1237 4371; x_wconf 90' lang='lat' dir='ltr'><strong>Sicut</strong></span> <span class='ocrx_word' id='word_1_249' title='bbox 1261 4305 1364 4392; x_wconf 85' lang='lat' dir='ltr'><strong>Syrus</strong></span> <span class='ocrx_word' id='word_1_250' title='bbox 1391 4303 1425 4370; x_wconf 93' lang='lat' dir='ltr'><strong>in</strong></span> 
     </span>
     <span class='ocr_line' id='line_1_34' title="bbox 256 4404 1424 4474; baseline 0.002 -5"><span class='ocrx_word' id='word_1_251' title='bbox 256 4404 407 4474; x_wconf 90' lang='lat' dir='ltr'><strong>doctrina</strong></span> <span class='ocrx_word' id='word_1_252' title='bbox 434 4430 498 4472; x_wconf 91' lang='lat' dir='ltr'><strong>non</strong></span> <span class='ocrx_word' id='word_1_253' title='bbox 523 4406 640 4471; x_wconf 88' lang='lat' dir='ltr'><strong>habuit</strong></span> <span class='ocrx_word' id='word_1_254' title='bbox 665 4428 800 4471; x_wconf 92' lang='lat' dir='ltr'><strong>causam</strong></span> <span class='ocrx_word' id='word_1_255' title='bbox 823 4406 915 4471; x_wconf 90' lang='lat' dir='ltr'><strong>locos</strong></span> <span class='ocrx_word' id='word_1_256' title='bbox 940 4406 1084 4474; x_wconf 89' lang='lat' dir='ltr'><strong>elidendi</strong></span> <span class='ocrx_word' id='word_1_257' title='bbox 1111 4407 1159 4473; x_wconf 91' lang='lat' dir='ltr'><strong>sic</strong></span> <span class='ocrx_word' id='word_1_258' title='bbox 1183 4409 1334 4472; x_wconf 89' lang='lat' dir='ltr'><strong>Graecus</strong></span> <span class='ocrx_word' id='word_1_259' title='bbox 1359 4429 1424 4472; x_wconf 92' lang='lat' dir='ltr'><strong>non</strong></span> 
     </span>
    </p>
   </div>
   <div class='ocr_carea' id='block_1_10' title="bbox 159 4505 1424 4702">
    <p class='ocr_par' dir='ltr' id='par_1_10' title="bbox 159 4505 1424 4702">
     <span class='ocr_line' id='line_1_35' title="bbox 159 4505 1424 4598; baseline 0.006 -29"><span class='ocrx_word' id='word_1_260' title='bbox 159 4552 164 4562; x_wconf 81' lang='lat'><strong>.</strong></span> <span class='ocrx_word' id='word_1_261' title='bbox 255 4505 431 4575; x_wconf 89' lang='lat' dir='ltr'><strong>inserendi.</strong></span> <span class='ocrx_word' id='word_1_262' title='bbox 467 4510 509 4575; x_wconf 91' lang='lat' dir='ltr'><strong>P.</strong></span> <span class='ocrx_word' id='word_1_263' title='bbox 528 4509 593 4575; x_wconf 87' lang='lat' dir='ltr'><strong>XL</strong></span> <span class='ocrx_word' id='word_1_264' title='bbox 613 4510 729 4576; x_wconf 83' lang='lat' dir='ltr'><strong>Curet.</strong></span> <span class='ocrx_word' id='word_1_265' title='bbox 752 4509 851 4574; x_wconf 83' lang='lat' dir='ltr'><strong>affert</strong></span> <span class='ocrx_word' id='word_1_266' title='bbox 868 4509 1020 4598; x_wconf 84' lang='lat' dir='ltr'><strong>exempla</strong></span> <span class='ocrx_word' id='word_1_267' title='bbox 1038 4511 1264 4593; x_wconf 87' lang='lat' dir='ltr'><strong>omissionum,</strong></span> <span class='ocrx_word' id='word_1_268' title='bbox 1283 4532 1424 4598; x_wconf 89' lang='lat' dir='ltr'><strong>quarum</strong></span> 
     </span>
     <span class='ocr_line' id='line_1_36' title="bbox 256 4610 1424 4702; baseline 0.003 -28"><span class='ocrx_word' id='word_1_269' title='bbox 256 4630 357 4676; x_wconf 88' lang='lat' dir='ltr'><strong>causa</strong></span> <span class='ocrx_word' id='word_1_270' title='bbox 374 4611 515 4701; x_wconf 85' lang='lat' dir='ltr'><strong>intelligi</strong></span> <span class='ocrx_word' id='word_1_271' title='bbox 540 4624 694 4702; x_wconf 88' lang='lat' dir='ltr'><strong>nequeat.</strong></span> <span class='ocrx_word' id='word_1_272' title='bbox 741 4610 889 4689; x_wconf 84' lang='lat' dir='ltr'><strong>Quidam</strong></span> <span class='ocrx_word' id='word_1_273' title='bbox 915 4622 991 4679; x_wconf 86' lang='lat' dir='ltr'><strong>sunt</strong></span> <span class='ocrx_word' id='word_1_274' title='bbox 1014 4612 1080 4680; x_wconf 90' lang='lat' dir='ltr'><strong>loci</strong></span> <span class='ocrx_word' id='word_1_275' title='bbox 1104 4613 1227 4697; x_wconf 93' lang='lat' dir='ltr'><strong>biblici,</strong></span> <span class='ocrx_word' id='word_1_276' title='bbox 1254 4635 1337 4700; x_wconf 91' lang='lat' dir='ltr'><strong>quos</strong></span> <span class='ocrx_word' id='word_1_277' title='bbox 1358 4635 1424 4680; x_wconf 93' lang='lat' dir='ltr'><strong>non</strong></span> 
     </span>
    </p>
   </div>
   <div class='ocr_carea' id='block_1_11' title="bbox 0 0 1754 5525">
    <p class='ocr_par' dir='ltr' id='par_1_11' title="bbox 0 0 1754 5525">
     <span class='ocr_line' id='line_1_37' title="bbox 0 0 1754 5525; baseline 0 0"><span class='ocrx_word' id='word_1_278' title='bbox 0 0 1754 5525; x_wconf 95' lang='lat' dir='ltr'><strong> </strong></span> 
     </span>
    </p>
   </div>
  </div>
 </body>
</html>
