3500 5525
891 553 914 619 8

801 662 1005 673 a—-—...—

318 793 470 861 haeresin
489 791 657 882 rejecisse.
703 793 867 861 Albertini
891 795 996 884 igitur
1013 793 1199 861 sententiae
1216 793 1333 860 Curet.
1353 816 1385 880 p.
1405 790 1489 857 LXI

318 919 385 963 non
402 896 630 987 astipulamur.
662 896 851 963 Bunsenius
867 896 945 965 inde
963 897 1102 987 collegit
1119 897 1204 965 hauc
1221 896 1396 987 epistolam
1413 918 1488 961 esse

317 1001 475 1090 spuriam,
502 999 594 1088 quod
616 1000 776 1068 benacus
799 1000 1011 1069 Valentinum
1042 1003 1239 1091 impugnans
1265 1001 1353 1067 hunc
1377 999 1488 1065 locum

317 1126 385 1170 non
402 1104 548 1171 laudarit
565 1103 675 1195 (Ignt
695 1128 760 1171 ron
777 1107 855 1171 Ant.
875 1129 908 1193 p.
929 1104 1007 1196 16),
1027 1128 1129 1192 quum
1147 1104 1234 1171 idem
1253 1103 1344 1171 locos
1362 1126 1403 1169 ex
1417 1103 1487 1191 epi-

318 1208 412 1275 stolis
429 1208 559 1297 syriace
575 1210 782 1275 exstantibus
800 1208 961 1275 attulerit.
998 1210 1043 1276 At
1059 1210 1133 1295 quis
1150 1208 1228 1275 huic
1245 1232 1264 1274 e
1283 1206 1414 1273 silentio
1433 1227 1486 1271 ar-

316 1323 478 1401 gomento
495 1311 616 1379 cedett
643 1311 744 1387 Quod
762 1312 965 1379 Curetonius
982 1336 1015 1401 p.
1031 1311 1145 1377 LXIV
1162 1322 1286 1395 censet,
1306 1309 1486 1399 interpola-

315 1426 425 1482 torem
442 1438 590 1481 errorem
606 1416 703 1481 nimis
721 1426 873 1504 apertum
892 1414 1098 1497 emendasse,
1127 1416 1181 1481 vir
1207 1414 1346 1481 concedi
1363 1423 1485 1503 potest,

316 1519 536 1607 interpolator
560 1520 648 1584 enim
668 1520 740 1607 ipse
764 1519 870 1585 textui
897 1542 957 1585 suo
976 1520 1119 1585 maxima
1137 1518 1215 1585 vitia
1233 1519 1377 1599 intrusit,
1399 1541 1429 1583 e.
1448 1540 1485 1605 g.

314 1622 457 1689 Petrum
481 1632 517 1689 et
538 1622 718 1689 Paulum
750 1621 923 1689 contendit
947 1622 1156 1689 matrimonia
1179 1622 1309 1703 iniisse,
1340 1619 1440 1688 Phld.
1462 1622 1484 1687 4

316 1725 409 1815 long.
428 1748 495 1793 rec.
517 1749 575 1791 eos
596 1727 763 1814 vituperat
781 1727 836 1813 qui
862 1726 996 1808 docent,
1022 1725 1121 1791 deum
1146 1725 1261 1815 logum
1286 1726 1319 1791 in
1345 1748 1486 1813 corpore

316 1830 461 1895 humano
477 1829 646 1897 habitasse
662 1850 772 1917 neque
788 1830 822 1894 in
846 1830 968 1910 anima,
995 1852 1080 1918 quae
1099 1829 1256 1918 Origenis
1275 1827 1407 1895 demum
1424 1828 1487 1895 luit

316 1932 467 2000 doctrina
480 1932 522 2024 ¹),
550 1932 593 1999 al.
639 1934 704 1999 His
729 1933 880 1999 omnihus
905 1934 990 1999 bene
1013 1934 1184 2021 perpensis
1208 1955 1274 1998 non
1299 1955 1485 2020 possumus,

316 2037 396 2123 quin
413 2036 663 2121 contendamus,
681 2036 832 2104 Docetas
849 2037 1022 2126 gnosticos
1041 2060 1060 2103 a
1079 2037 1242 2124 scriptore
1260 2036 1432 2125 castigari.

393 2139 521 2223 Altera,
541 2162 641 2226 quam
658 2141 800 2227 scriptor
818 2141 994 2229 impugnat
1011 2139 1238 2207 Judaistarum
1257 2148 1308 2205 est
1325 2138 1485 2219 haeresis,

315 2253 431 2308 contra
449 2264 533 2329 quos
551 2265 592 2307 eo
610 2241 770 2329 imprimis
787 2243 904 2309 nititur
923 2254 1133 2333 argumento,
1152 2242 1245 2331 quod
1254 2240 1325 2331 jam
1343 2243 1486 2331 prophe·

314 2355 371 2412 tac
387 2347 470 2413 Jesu
489 2345 609 2433 spiritu
632 2345 750 2427 inflati,
777 2346 879 2411 vitam
904 2346 1117 2412 christianam
1143 2346 1310 2435 degerint,
1337 2357 1372 2411 et
1395 2345 1485 2433 quod

314 2448 401 2515 hanc
418 2451 461 2515 ob
479 2472 614 2515 causam
636 2446 816 2513 absurdum
841 2448 897 2525 sit,
922 2450 1037 2514 Jesum
1062 2449 1175 2515 dicere
1193 2450 1347 2515 Messinm
1372 2449 1484 2513 simul-

315 2575 382 2639 que
394 2539 581 2640 judaizare‚
607 2552 700 2641 Mgn.
722 2552 862 2632 8-10,
889 2550 1001 2617 Phild.
1023 2552 1058 2634 6,
1084 2573 1160 2615 nam
1178 2550 1287 2640 legem
1308 2552 1484 2617 mosaicam

314 2657 421 2721 secuti
444 2655 652 2738 confitemur,
674 2654 820 2743 gratiam
844 2677 906 2719 nos
930 2676 996 2719 non
1022 2654 1200 2741 accepisse.
1254 2653 1314 2719 Uti
1331 2652 1485 2719 Docetae

314 2758 362 2824 sic
378 2782 488 2845 neque
505 2756 680 2825 Judaistae
698 2757 821 2824 certius
846 2756 977 2824 definiri
995 2769 1145 2847 possunt,
1170 2756 1272 2824 iidem
1289 2755 1390 2824 luisse
1408 2781 1484 2846 pos-

314 2873 403 2945 sunt,
422 2861 465 2929 de
483 2862 602 2950 quibus
620 2863 654 2928 in
670 2885 757 2928 novo
775 2871 975 2928 testamento
994 2862 1108 2951 agitur
1126 2861 1202 2928 Gal.
1220 2865 1256 2945 9,
1273 2865 1308 2945 4,
1327 2865 1393 2940 14;
1412 2861 1482 2928 Tit.

317 2969 351 3051 l,
374 2969 439 3047 143
466 2989 561 3034 error
579 2988 696 3034 eorum
712 2966 747 3031 in
765 2989 806 3032 eo
824 2966 952 3054 positus
971 2975 1056 3048 erat,
1081 2965 1172 3053 quod
1199 2965 1310 3055 legem
1328 2966 1485 3032 observa·

313 3071 394 3136 bant
412 3082 446 3136 et
464 3070 629 3157 quaedam
647 3069 690 3136 de
705 3069 840 3136 Christo
858 3069 983 3136 tradita
1001 3069 1140 3136 credere
1157 3071 1367 3136 recusabant.
1395 3067 1484 3134 Illud

312 3173 456 3260 scriptor
479 3172 559 3239 dicit
592 3178 815 3257 οαββοοίζειν,
842 3171 934 3258 quod
957 3194 1024 3236 non
1049 3172 1092 3238 ad
1122 3171 1321 3238 celebranda
1346 3174 1485 3238 sabbata

312 3275 388 3340 loco
407 3274 474 3340 diei
492 3274 681 3341 dominicae
694 3284 824 3340 tanturn
843 3283 900 3339 est
914 3272 1135 3359 referendum,
1155 3275 1215 3342 sed
1233 3275 1277 3342 ad
1295 3275 1484 3340 universum

312 3379 436 3444 rituum
454 3400 562 3459 usum,
582 3399 683 3466 quum
702 3377 779 3442 huic
797 3379 900 3442 verbo
919 3387 1108 3465 opponatur
1130 3378 1214 3443 κατὰ
1231 3379 1384 3463 eupraxia
1402 3380 1485 3462 ζωὴν

312 3487 426 3561 ζῶντες
443 3481 537 3570 hlgn.
559 3483 599 3562 93
618 3481 702 3547 haec
718 3490 795 3546 sunt
813 3479 927 3564 dubia,
953 3503 1039 3568 quae
1057 3479 1230 3546 Judaistae
1248 3491 1364 3548 contra
1386 3481 1483 3548 Chri-

390 3783 411 3853 ¹)
429 3784 517 3837 Phild.
535 3784 552 3838 6
570 3786 646 3854 long.
663 3801 720 3839 rec.
738 3784 849 3856 Origen.
868 3785 911 3838 De
929 3786 1043 3854 princip.
1054 3785 1087 3854 11,
1106 3783 1131 3852 6,
1149 3783 1179 3838 3:
1198 3785 1256 3838 Hac
1275 3801 1342 3856 ergo
1360 3787 1483 3840 substan-

312 3873 350 3924 tia
373 3872 481 3923 animae
510 3873 582 3924 inter
606 3871 696 3922 Deum
720 3887 887 3939 carnemque
909 3870 1048 3922 mediante
1072 3873 1142 3936 (non
1166 3873 1239 3923 enirn
1261 3873 1392 3940 possibile
1416 3879 1483 3940 erat,

311 3957 367 4009 Dei
383 3961 510 4008 naturam
529 3958 638 4023 corpori
656 3957 715 4008 sine
734 3955 887 4008 mediatore
905 3957 1025 4021 misceri)
1045 3959 1163 4008 nascitur
1182 3985 1213 3996 —
1232 3957 1307 4010 Deus
1325 3958 1418 4026 homo,
1436 3959 1484 4011 illa

310 4041 461 4094 substantia
478 4041 571 4093 media
588 4043 739 4108 existente,
757 4042 800 4092 cui
825 4042 920 4108 utique
944 4046 1039 4094 eontra
1061 4048 1186 4094 naturam
1208 4059 1263 4098 non
1289 4051 1360 4112 erat,
1384 4059 1482 4112 corpus

309 4141 458 4182 assumere.
494 4126 550 4179 Sed
570 4142 663 4194 neque
685 4141 779 4178 rursus
801 4127 893 4178 anima
916 4126 978 4194 illa,
1007 4133 1103 4195 utpote
1130 4128 1281 4182 substantia
1303 4129 1481 4195 rationabilis,

311 4217 406 4266 contre
424 4219 550 4266 naturam
567 4212 671 4279 habuit,
689 4225 790 4279 capere
808 4211 899 4263 deum.
918 4239 952 4251 -
969 4212 1074 4266 Alieno
1087 4213 1181 4266 similis
1201 4217 1226 4266 ei
1244 4217 1337 4283 opinio
1355 4215 1482 4266 tribuitur

310 4313 392 4366 quam
410 4299 592 4366 interpolator
610 4297 723 4350 damnat
741 4297 774 4348 ct
793 4296 961 4350 Athanasius
980 4304 1075 4352 contra
1086 4299 1277 4366 Apollinarem
1295 4299 1329 4362 Il,
1342 4298 1370 4350 3:
1383 4289 1482 4365 Ἀρειος

307 4412 344 4421 -
360 4375 448 4449 σάρκα
464 4375 551 4450 μόνην
566 4377 638 4450 πρὸς
654 4377 820 4450 οἰποσροφὴν
841 4382 890 4450 τῆς
906 4377 1037 4452 θεότητος
1060 4378 1194 4453 ὁμολογεῖ·
1218 4378 1278 4437 civrl
1300 4379 1329 4436 δὲ
1351 4382 1400 4436 aori
1419 4379 1481 4435 ἔσω-

308 4470 360 4521 θεν
376 4463 406 4520 ἕν
421 4460 487 4535 ἡμῖν
503 4461 664 4537 ἀνθρώπου,
681 4464 864 4536 combusseris
881 4470 977 4538 ψυχῆς,
994 4464 1138 4538 τὸνλόγον
1155 4465 1227 4540 dorp*
1246 4467 1324 4538 copul
1341 4465 1481 4537 γιγοοὲναι,

306 4547 356 4621 τὴν
370 4553 421 4606 τοῦ
439 4547 553 4617 πάθους
568 4548 663 4622 νόησιν
679 4549 792 4622 acidis
815 4551 843 4621 ἐξ
870 4546 942 4626 ᾅδου
969 4549 1117 4610 ἀνάστασιν
1142 4555 1175 4626 τῇ
1202 4550 1312 4624 θοόιησι
1337 4549 1482 4625 προσάγειν

306 4639 417 4709 τολμῶν.
452 4639 495 4695 ct
512 4641 650 4711 Epiphan.
668 4642 744 4698 beer.
761 4641 856 4711 LXlX,
876 4641 917 4696 19.
